



@inproceedings{Waters14,
  author    = {
               Brent Waters},
  title     = {How to Use Indistinguishability Obfuscation},
  booktitle = {Visions of Cryptography},
  year      = {2014},
     note = {Talk slides available at \url{http://www.cs.utexas.edu/~bwaters/presentations/files/how-to-use-IO.ppt}},
}

@inproceedings{Waters14b,
  author    = {
               Brent Waters},
  title     = {{CS 395T Special Topic: Obfuscation in Cryptography} },
  year      = {2014},
     note = {\url{http://www.cs.utexas.edu/~bwaters/classes/CS395T-Fall-14/outline.html
}},
}


@inproceedings {USENIX:BAMM14,
	author = {Elie Bursztein and Jonathan Aigrain and Angelika Moscicki and John C. Mitchell},
	title = {The End is Nigh: Generic Solving of Text-based CAPTCHAs},
	booktitle = {8th USENIX Workshop on Offensive Technologies (WOOT 14)},
	year = {2014},
	month = Aug,
	address = {San Diego, CA},
	note = {\url{https://www.usenix.org/conference/woot14/workshop-program/presentation/bursztein}},
	publisher = {USENIX Association},
}


@inproceedings{Szabo97,
  title={Formalizing and securing relationships on public networks.},
  author={Nick Szabo},
  booktitle={First Monday},
  year={1997},
  note ={\url{http://firstmonday.org/ojs/index.php/fm/article/view/548/469}}
}

@inproceedings{nakamoto2008bitcoin,
  title={Bitcoin: {A} peer-to-peer electronic cash system},
  author={Nakamoto, Satoshi},
  year={2008},
  note = {\url{https://bitcoin.org/bitcoin.pdf}}
}

@inproceedings{andrychowicz2014secure,
  title={Secure multiparty computations on bitcoin},
  author={Andrychowicz, Marcin and Dziembowski, Stefan and Malinowski, Daniel and Mazurek, Lukasz},
  booktitle={Security and Privacy (SP), 2014 IEEE Symposium on},
  pages={443--458},
  year={2014},
  organization={IEEE}
}


@misc{proofOfStake2,
  title={TenderMint: Consensus without Mining},
  author={Kwon, Jae},
  year={2014},
  publisher={August}
}
@misc{ethereum,
  title={Ethereum: A Next-Generation Smart Contract and Decentralized Application Platform},
  year={2015},
  month={December},
  note={\url{https://github.com/ethereum/wiki/wiki/White-Paper}. Retrieved 8/8/2015.}
}




@misc{proofOfStake3,
  title={Proof of burn. bitcoin.it},
  author={Stewart, I},
  year={2012},
  publisher={December}
}

@inproceedings{proofOfStake,
  title={Proof of Activity: Extending Bitcoin{'}€™s Proof of Work via Proof of Stake},
  author={Bentov, Iddo and Lee, Charles and Mizrahi, Alex and Rosenfeld, Meni},
  booktitle={Proceedings of the ACM SIGMETRICS 2014 Workshop on Economics of Networked Systems, NetEcon},
  year={2014}
}

@article{lamport1982byzantine,
  title={The Byzantine generals problem},
  author={Lamport, Leslie and Shostak, Robert and Pease, Marshall},
  journal={ACM Transactions on Programming Languages and Systems (TOPLAS)},
  volume={4},
  number={3},
  pages={382--401},
  year={1982},
  publisher={ACM}
}

@incollection{douceur2002sybil,
  title={The sybil attack},
  author={Douceur, John R},
  booktitle={Peer-to-peer Systems},
  pages={251--260},
  year={2002},
  publisher={Springer}
}

@book{bitcoinBook,
title={Bitcoin and Cryptocurrency Technology (manuscript)},
author={Narayanan, Arvind and Bonneau, Joseph and and  Felten, Edward W and Miller, Andrew and Goldfeder, Steven },
year={2015},
url={https://www.coursera.org/course/bitcointech},
note={Retrieved 8/6/2015}
}



@inproceedings{FunCAPTCHA1,
year={2013},
isbn={978-3-642-39344-0},
booktitle={Human Aspects of Information Security, Privacy, and Trust},
volume={8030},
series={Lecture Notes in Computer Science},
editor={Marinos, Louis and Askoxylakis, Ioannis},
doi={10.1007/978-3-642-39345-7_5},
title={Gamified CAPTCHA},
publisher={Springer Berlin Heidelberg},
author={Kani, Junya and Nishigaki, Masakatsu},
pages={39-48},
language={English}
}
@misc{bitansky2015time,
  title={Time-Lock Puzzles from Randomized Encodings},
  author={Bitansky, Nir and Goldwasser, Shafi and Jain, Abhishek and Paneth, Omer and Vaikuntanathan, Vinod and Waters, Brent},
  year={2015},
  publisher={Manuscript}
}

@article{productiveCAPTCHA1,
  title={{reCAPTCHA}: Human-based character recognition via web security measures},
  author={Von Ahn, Luis and Maurer, Benjamin and McMillen, Colin and Abraham, David and Blum, Manuel},
  journal={Science},
  volume={321},
  number={5895},
  pages={1465--1468},
  year={2008},
  publisher={American Association for the Advancement of Science}
}
@incollection{von2003captcha,
  title={{CAPTCHA}: Using hard {AI} problems for security},
  author={Von Ahn, Luis and Blum, Manuel and Hopper, Nicholas J and Langford, John},
  booktitle={Advances in Cryptology EUROCRYPT 2003},
  pages={294--311},
  year={2003},
  publisher={Springer}
}

@inproceedings{productiveCAPTCHA2,
  title={icaptcha: Image tagging for free},
  author={Khot, Rohit Ashok and Srinathan, Kannan},
  booktitle={the Proc. Conference on Usable Software and Interface Design},
  year={2009}
}


@INPROCEEDINGS{educationalCAPTCHA, 
author={Kuo-Feng Hwang and Cian-Cih Huang and Geeng-Neng You}, 
booktitle={Biometrics and Security Technologies (ISBAST), 2012 International Symposium on}, 
title={A Spelling Based CAPTCHA System by Using Click}, 
year={2012}, 
month={March}, 
pages={1-8}, 
}

@inproceedings{CAPTCHAusabilityEvaluation,
  title={How good are humans at solving CAPTCHAs? a large scale evaluation},
  author={Bursztein, Elie and Bethard, Steven and Fabry, Celine and Mitchell, John C and Jurafsky, Dan},
  booktitle={Security and Privacy (SP), 2010 IEEE Symposium on},
  pages={399--413},
  year={2010},
  organization={IEEE}
}

@inproceedings{motoyama2010re,
  title={Re: CAPTCHAs-Understanding CAPTCHA-Solving Services in an Economic Context.},
  author={Motoyama, Marti and Levchenko, Kirill and Kanich, Chris and McCoy, Damon and Voelker, Geoffrey M and Savage, Stefan},
  booktitle={USENIX Security Symposium},
  volume={10},
  pages={3},
  year={2010}
}

@misc{blockiGOTCHAFullVersion,
TITLE = {GOTCHA Password Hackers!},
author={Blocki, Jeremiah and Blum, Manuel and Datta, Anupam},
year = {2013},
note = {\url{http://www.cs.cmu.edu/~jblocki/papers/aisec2013-fullversion.pdf}},
}

@inproceedings{poshExperiment,
  title={POSH: A generalized CAPTCHA with security applications},
  author={Daher, Waseem and Canetti, Ran},
  booktitle={Proceedings of the 1st ACM workshop on Workshop on AISec},
  pages={1--10},
  year={2008},
  organization={ACM}
}
@article{simard2004using,
  title={Using machine learning to break visual human interaction proofs (hips},
  author={Simard, Patrice Y},
  journal={Advances in Neural Information Processing Systems},
  volume={17},
  pages={265--272},
  year={2004}
}
@article{tam2008breaking,
  title={Breaking audio captchas},
  author={Tam, Jennifer and Simsa, Jiri and Hyde, Sean and Von Ahn, Luis},
  journal={Advances in Neural Information Processing Systems},
  volume={1},
  number={4},
  year={2008}
}
@inproceedings{mori2003recognizing,
  title={Recognizing objects in adversarial clutter: Breaking a visual CAPTCHA},
  author={Mori, Greg and Malik, Jitendra},
  booktitle={Computer Vision and Pattern Recognition, 2003. Proceedings. 2003 IEEE Computer Society Conference on},
  volume={1},
  pages={I--134},
  year={2003},
  organization={IEEE}
}
@inproceedings{sauer2008towards,
  title={Towards a universally usable CAPTCHA},
  author={Sauer, Graig and Hochheiser, Harry and Feng, Jinjuan and Lazar, Jonathan},
  booktitle={Proceedings of the 4th Symposium on Usable Privacy and Security},
  year={2008}
}
@inproceedings{elson2007asirra,
  title={Asirra: a CAPTCHA that exploits interest-aligned manual image categorization},
  author={Elson, Jeremy and Douceur, John R and Howell, Jon and Saul, Jared},
  booktitle = {Proc. of CCS},
  pages={366--374},
  year={2007},
  publisher={Citeseer}
}
@article{wilkins2009strong,
  title={Strong captcha guidelines v1. 2},
  author={Wilkins, Jonathan},
  journal={Retrieved Nov},
  volume={10},
  pages={2010},
  year={2009}
}


@inproceedings{namecoin,
  title={Namecoin as authentication for public-key cryptography},
  author={Melin, Tomas and Vidhall, Tomas},
  year={2014}
}

@misc{bradbury2013feathercoin,
  title={Feathercoin hit by massive attack},
  author={Bradbury, Danny},
  year={2013},
  publisher={Coindesk}
}
@misc{kim2014stateless,
  title={The Stateless Currency and the State: An Examination of the Feasibility of a State Attack on Bitcoin},
  author={Kim, Andrew and Sng, Daryl and Yu, Soyeon},
  year={2014},
  publisher={May}
}

@misc{NIST12,
    author = {NIST},
    title = {Special publication 800-90: Recommendation for random number generation using
deterministic random bit generators.},
    howpublished = {National Institute of Standards and Technology},
    year = {2012},
    note = { {http://csrc.nist.gov/publications/PubsSPs.html}}
}

@misc{LPS13,
    author = {Jeff Larson and Nicole Perlroth and Scott Shane},
    title = {Revealed: The {NSA's} secret campaign to
crack, undermine internet security.},
    howpublished = {Pro-Publica},
    year = {2013},
    note = {{http://www.propublica.org/article/the-nsas-secret-campaign-to-crack-undermine-internet-encryption}}
}

@misc{PLS13,
    author = {Nicole Perlroth  and Jeff Larson and Scott Shane},
    title = {{N.S.A.} able to foil basic safeguards of privacy on web.},
    howpublished = {The New York Times},
    year = {2013},
    note ={ {http://www.nytimes.com/2013/09/06/us/nsa-foils-much-internet-encryption.html}}
}


@article{dwork1998performing,
  title={Performing work efficiently in the presence of faults},
  author={Dwork, Cynthia and Halpern, Joseph Y and Waarts, Orli},
  journal={SIAM Journal on Computing},
  volume={27},
  number={5},
  pages={1457--1491},
  year={1998},
  publisher={SIAM}
}

@inproceedings{shi2014nonoutsourceable,
  title={Nonoutsourceable Scratch-Off Puzzles to Discourage Bitcoin Mining Coalitions},
  author={ Miller, A and Shi, M  and Kosba, A and Katz, J},
    booktitle = {ACM CCS},
  year={2015}
}



@techreport{AspnesJK2005,
title="Exposing computationally-challenged {B}yzantine impostors",
author="James Aspnes and Collin Jackson and Arvind Krishnamurthy",
institution="Yale University Department of Computer Science",
number="YALEU/DCS/TR-1332",
month=jul,
year=2005
}




@inproceedings{CSF:GarKiaZho10,
  author    = {Juan A. Garay and
               Aggelos Kiayias and
               Hong{-}Sheng Zhou},
  title     = {A Framework for the Sound Specification of Cryptographic Tasks},
  booktitle = {Proceedings of the 23rd {IEEE} Computer Security Foundations Symposium,
               {CSF} 2010, Edinburgh, United Kingdom, July 17-19, 2010},
  pages     = {277--289},
  year      = {2010},
}




@InProceedings{ITCS:BloZho16,
  author =       "Jeremiah Blocki and Hong-Sheng Zhou",
  title =        "Designing Proof of Human-work Puzzles for Cryptocurrency",
  editor =       itcs16ed,
  booktitle =    itcs16name,
  address =      itcs16addr,
  month =        itcs16month,
  publisher =    itcspub_v2,
  year =         2016,
}



@InProceedings{ITCS:CCCLLZ16,
  author =       "Yu-Chi Chen and Sherman Chow and Kai-Min Chung and Russell Lai and Wei-Kai Lin and Hong-Sheng Zhou",
  title =        "Cryptography for Parallel RAM via Indistinguishability Obfuscation",
  editor =       itcs16ed,
  booktitle =    itcs16name,
  address =      itcs16addr,
  month =        itcs16month,
  publisher =    itcspub_v2,
  year =         2016,
}



@inproceedings{Back02,
  author    = {Adam Back},
  title     = {Hashcash --- {A} Denial of Service Counter-Measure},
  year      = {2002},
  note     = {\url{http://hashcash.org/papers/hashcash.pdf}},
}



