

@article{DLS88,
  author       = {Cynthia Dwork and
                  Nancy A. Lynch and
                  Larry J. Stockmeyer},
  title        = {Consensus in the presence of partial synchrony},
  journal      = {J. {ACM}},
  volume       = {35},
  number       = {2},
  pages        = {288--323},
  year         = {1988},
  url          = {https://doi.org/10.1145/42282.42283},
  doi          = {10.1145/42282.42283},
  timestamp    = {Fri, 24 Mar 2023 16:31:07 +0100},
  biburl       = {https://dblp.org/rec/journals/jacm/DworkLS88.bib},
  bibsource    = {dblp computer science bibliography, https://dblp.org}
}


@inproceedings{HotStuff,
  author    = {Maofan Yin and Dahlia Malkhi and Michael K. Reiter and Guy Golan Gueta and Ittai Abraham},
  title     = {HotStuff: BFT Consensus with Linearity and Responsiveness},
  booktitle = {Proceedings of the 2019 ACM Symposium on Principles of Distributed Computing (PODC '19)},
  year      = {2019},
  pages     = {347--356},
  publisher = {ACM},
  doi       = {10.1145/3293611.3331591},
  url       = {https://doi.org/10.1145/3293611.3331591}
}
@misc{Dfinity,
  author       = {Timo Hanke and Mahnush Movahedi and Dominic Williams},
  title        = {DFINITY Technology Overview Series, Consensus System},
  howpublished = {DFINITY Foundation Technical Report},
  year         = {2018},
  url          = {https://dfinity.org/pdf-viewer/library/dfinity-consensus.pdf}
}
@misc{Bitcoin,
  author       = {Satoshi Nakamoto},
  title        = {Bitcoin: A Peer-to-Peer Electronic Cash System},
  howpublished = {White paper},
  year         = {2008},
  url          = {https://bitcoin.org/bitcoin.pdf}
}


@inproceedings{NarwhalTusk,
  author    = {George Danezis and Lefteris Kokoris-Kogias and Alberto Sonnino and Alexander Spiegelman},
  title     = {Narwhal and Tusk: A DAG-based Mempool and Efficient BFT Consensus},
  booktitle = {20th USENIX Symposium on Networked Systems Design and Implementation (NSDI 23)},
  year      = {2023},
  publisher = {USENIX Association},
  pages     = {1--18},
  url       = {https://www.usenix.org/conference/nsdi23/presentation/danezis}
}

@inproceedings{Prism,
  author    = {Mahdi Zamani and Mahnush Movahedi and Mariana Raykova},
  title     = {Prism: Deconstructing the Blockchain to Approach Physical Limits},
  booktitle = {Proceedings of the 2018 ACM SIGSAC Conference on Computer and Communications Security (CCS'18)},
  year      = {2018},
  pages     = {585--602},
  publisher = {ACM},
  doi       = {10.1145/3243734.3243818}
}

@misc{EPRINT:MorKulYok18,
  author       = {Yonatan Sompolinsky and Yoad Lewenberg and Aviv Zohar},
  title        = {SPECTRE: Serialization of Proof-of-work Events: Confirming Transactions via Recursive Elections},
  howpublished = {Cryptology ePrint Archive, Report 2016/1159},
  year         = {2016},
  url          = {https://eprint.iacr.org/2016/1159}
}

@misc{EPRINT:ZhaChaLeo18,
  author       = {Ling Ren and Kartik Nayak and Ittay Eyal and Ari Juels and Elaine Shi},
  title        = {Tree-Graph: A High Throughput Blockchain Protocol},
  howpublished = {Cryptology ePrint Archive, Report 2018/570},
  year         = {2018},
  url          = {https://eprint.iacr.org/2018/570}
}




@misc{FOCIL,
  title        = {EIP-7805: Fork-Choice Enforced Inclusion Lists (FOCIL)},
  howpublished = {\url{https://eips.ethereum.org/EIPS/eip-7805}},
  note         = {Accessed: 2025-08-18},
  year         = {2023},
  author       = {Ethereum Community},
}

@misc{multiFee,
  author       = {Aikaterini-Panagiota Stouka and Julian Ma and Thomas Thiery},
  title        = {Transaction Fee Mechanism Design for Multi-Proposer Blockchains},
  year         = {2025},
  eprint       = {2505.13751},
  archivePrefix= {arXiv},
  primaryClass = {cs.CR},
  url          = {https://arxiv.org/abs/2505.13751}
}


@book{martingales,
  title={Continuous martingales and Brownian motion},
  author={Revuz, Daniel and Yor, Marc},
  volume={293},
  year={2013},
  publisher={Springer Science \& Business Media}
}

@article{arXiv:Long19,
  title={Nakamoto consensus with verifiable delay puzzle},
  author={Long, Jieyi},
  journal={arXiv preprint arXiv:1908.06394},
  year={2019}
}

@inproceedings{UIUC-PoS2,
  title={Proof-of-stake longest chain protocols: Security vs predictability},
  author={Bagaria, Vivek and Dembo, Amir and Kannan, Sreeram and Oh, Sewoong and Tse, David and Viswanath, Pramod and Wang, Xuechao and Zeitouni, Ofer},
  booktitle={Proceedings of the 2022 ACM Workshop on Developments in Consensus},
  pages={29--42},
  year={2022}
}

@inproceedings{C:BadYuZik21,
  title={A rational protocol treatment of 51\% attacks},
  author={Badertscher, Christian and Lu, Yun and Zikas, Vassilis},
  booktitle={Annual International Cryptology Conference},
  pages={3--32},
  year={2021},
  organization={Springer}
}

@article{arXiv:SarMcCMei18,
  title={Betting on blockchain consensus with fantomette},
  author={Azouvi, Sarah and McCorry, Patrick and Meiklejohn, Sarah},
  journal={arXiv preprint arXiv:1805.06786},
  year={2018}
}

@inproceedings{pass2017fruitchains,
  title={Fruitchains: A fair blockchain},
  author={Pass, Rafael and Shi, Elaine},
  booktitle={Proceedings of the ACM Symposium on Principles of Distributed Computing},
  pages={315--324},
  year={2017}
}
@article{KiaQuaRus20,
  title={Consistency of proof-of-stake blockchains with concurrent honest slot leaders},
  author={Kiayias, Aggelos and Quader, Saad and Russell, Alexander},
  journal={ICDCS},
  year={2020}
}
@inproceedings{stakebleeding,
  title={Stake-bleeding attacks on proof-of-stake blockchains},
  author={Ga{\v{z}}i, Peter and Kiayias, Aggelos and Russell, Alexander},
  booktitle={2018 Crypto Valley Conference on Blockchain Technology (CVCBT)},
  pages={85--92},
  year={2018},
  organization={IEEE}
}



@article{GMR88,
  author    = {Shafi Goldwasser and
               Silvio Micali and
               Ronald L. Rivest},
  title     = {A Digital Signature Scheme Secure Against Adaptive Chosen-Message
               Attacks},
  journal   = {{SIAM} J. Comput.},
  volume    = {17},
  number    = {2},
  pages     = {281--308},
  year      = {1988},
}





@inproceedings{rationalattacksPOS,
  title={Formal barriers to longest-chain proof-of-stake protocols},
  author={Brown-Cohen, Jonah and Narayanan, Arvind and Psomas, Alexandros and Weinberg, S Matthew},
  booktitle={Proceedings of the 2019 ACM Conference on Economics and Computation},
  pages={459--473},
  year={2019}
}
@article{UIUC-PoS,
  title={Proof-of-stake longest chain protocols: Security vs predictability},
  author={Bagaria, Vivek and Dembo, Amir and Kannan, Sreeram and Oh, Sewoong and Tse, David and Viswanath, Pramod and Wang, Xuechao and Zeitouni, Ofer},
  journal={arXiv preprint arXiv:1910.02218},
  year={2019}
}
@article{chung2012chernoff,
  title={Chernoff-Hoeffding bounds for Markov chains: Generalized and simplified},
  author={Chung, Kai-Min and Lam, Henry and Liu, Zhenming and Mitzenmacher, Michael},
  journal={arXiv preprint arXiv:1201.0559},
  year={2012}
}

@inproceedings{Shacham18,
  title={{Short Unique Signatures from RSA with a Tight Security Reduction (in the Random Oracle Model)}},
  author={Hovav Shacham},
 booktitle = {FC},
  year={2018}
}

@article{goemans2015chernoff,
  title={Chernoff bounds, and some applications},
  author={Michel Goemans},
  note={\url{https://math.mit.edu/~goemans/18310S15/chernoff-notes.pdf}},
  year={2015}
}

@article{poissontailbounds,
  title={A short note on Poisson tail bounds},
  author={Canonne, Cl{\'e}ment L},
  note={\url{http://www.cs.columbia.edu/~ccanonne/files/misc/2017-poissonconcentration.pdf}},
  year={2017}
}

@book{shi2015branching,
  title={Branching random walks},
  author={Shi, Zhan},
  year={2015},
  publisher={Springer}
}




@inproceedings{REM,
 author = {Fan Zhang and Ittay Eyal and Robert Escriva and Ari Juels and Robbert van Renesse},
 title = {{REM: Resource-Efficient Mining for Blockchains}},
 booktitle = {USENIX Security},
 year = {2017},
 note ={\url{https://eprint.iacr.org/2017/179}}
} 


@inproceedings{PoET,
  title={{Proof of Elapsed Time (PoET)}},
  author={Intel},
note={\url{https://intelledger.github.io/introduction.html}},
  year={2016}
}



@inproceedings{NovaCoin,
  title={Proof of Stake},
  author={CryptoManiac},
  journal={NovaCoin wiki},
  note ={\url{https://github.com/novacoin-project/novacoin/wiki/Proof-of-stake}},
  year={2014}
}



@inproceedings{FZ17early,
 author = {Lei Fan and Hong-Sheng Zhou},
 title = {{iChing: A Scalable Proof-of-Stake Blockchain in the Open Setting (or, How to Mimic Nakamoto's Design via Proof-of-Stake)}},
 month = {July},
 year = {2017},
 note ={\url{https://eprint.iacr.org/2017/656/20170705:220223}}
} 


@misc{FKZ19,
  title={A Large-Scale Proof-of-Stake Blockchain in the Open Setting},
 author = {Lei Fan and Jonathan Katz and Hong-Sheng Zhou},
 month = {Feb},
  year = {2019},
  note ={A version submitted to and presented at Stanford Blockchain Conference 2019}
}



@inproceedings{FZ17,
 author = {Lei Fan and Hong-Sheng Zhou},
 title = {{A Scalable Proof-of-Stake Blockchain in the Open Setting (or, How to Mimic Nakamoto's Design via Proof-of-Stake)}},
 month = {July},
 year = {2017},
 note ={\url{https://eprint.iacr.org/2017/656/}}
} 


@inproceedings{FZ17v2,
 author = {Lei Fan and Hong-Sheng Zhou},
 title = {{A Scalable Proof-of-Stake Blockchain in the Open Setting (or, How to Mimic Nakamoto's Design via Proof-of-Stake)}},
 month = {Sept},
 year = {2017},
 note ={A version submitted to Eurocrypt 2018; see \url{https://cryptographylab.bitbucket.io/pubs/iChing.pdf}}
} 


@inproceedings{FZ17v3,
 author = {Lei Fan and Hong-Sheng Zhou},
 title = {{A Scalable Proof-of-Stake Blockchain in the Open Setting (or, How to Mimic Nakamoto's Design via Proof-of-Stake)}},
 month = {Feb},
 year = {2018},
 note ={\url{https://eprint.iacr.org/2017/656/20180218:233721}}
} 






@inproceedings{Impl,
  title     = {{TwinsCoin} Source Code},
  note     = {\url{https://bitbucket.org/twinscoinccs/twinscoin/}},
}



@misc{Wiki:nothing-sleeve,
    author = {Wikipedia},
    title = {Nothing up my sleeve},
    note = { \url{https://en.wikipedia.org/wiki/Nothing_up_my_sleeve_number}}
}


@inproceedings{FC:BenGabMiz16,
 author = {Bentov, Iddo and Gabizon, Ariel and Mizrahi, Alex},
 title = {Currencies without Proof of Work},
 booktitle = {Bitcoin Workshop},
 year = {2016},
} 



@inproceedings{KKKT16,
 author = {Kiayias, Aggelos and Koutsoupias, Elias and Kyropoulou, Maria and Tselekounis, Yiannis},
 title = {Blockchain Mining Games},
 booktitle = {Proceedings of the 2016 ACM Conference on Economics and Computation (EC)},
 year = {2016},
 pages = {365--382},
} 






@inproceedings{Szabo97,
  title={Formalizing and securing relationships on public networks.},
  author={Nick Szabo},
  booktitle={First Monday},
  year={1997},
  note ={\url{http://firstmonday.org/ojs/index.php/fm/article/view/548/469}}
}


@inproceedings{USENIXATC:LLZYWYXLY20,
  title={A decentralized blockchain with high throughput and fast confirmation},
  author={Li, Chenxin and Li, Peilun and Zhou, Dong and Yang, Zhe and Wu, Ming and Yang, Guang and Xu, Wei and Long, Fan and Yao, Andrew Chi-Chih},
  booktitle={2020 $\{$USENIX$\}$ Annual Technical Conference ($\{$USENIX$\}$$\{$ATC$\}$ 20)},
  pages={515--528},
  year={2020}
}


@article{lamport1982byzantine,
  title={The Byzantine generals problem},
  author={Lamport, Leslie and Shostak, Robert and Pease, Marshall},
  journal={ACM Transactions on Programming Languages and Systems (TOPLAS)},
  volume={4},
  number={3},
  pages={382--401},
  year={1982},
  publisher={ACM}
}

@incollection{douceur2002sybil,
  title={The sybil attack},
  author={Douceur, John R},
  booktitle={Peer-to-peer Systems},
  pages={251--260},
  year={2002},
  publisher={Springer}
}

@inproceedings{bitcoinBook,
title={Bitcoin and Cryptocurrency Technology},
author={Narayanan, Arvind and Bonneau, Joseph and and  Felten, Edward W and Miller, Andrew and Goldfeder, Steven },
year={2015},
note={\url{https://www.coursera.org/learn/cryptocurrency}},
}




@inproceedings{BitcoinSchool,
title={Summer School: Blockchain Technologies, from Cryptographic
        E-cash to Modern Cryptocurrencies},
year={June 2016},
note={\url{https://bitcoinschool.gr/#schedule}},
}

@inproceedings{hybridPOS,
title = {Netcoin proof-of-work and proof-of-stake hybrid design},
author={User tacotime},
year={2013}, 
note={\url{https://web.archive.org/web/20131213085759/http://www.netcoin.io/wiki/Netcoin_Proof-of-Work_and_Proof-of-Stake_Hybrid_Design}}
}

@inproceedings{firstPOS,
title = {Proof of stake instead of proof of work},
author={Bitcointalk},
year={July 2011}, 
note={Online post by QuantumMechanic, available at \url{https://bitcointalk.org/index.php?topic=27787.0}}
}

@inproceedings{firstchainquality,
	author={mtgox},
	year={2010},
	title={\url{https://bitcointalk.org/index.php?topic=2227.msg29606}}
}

@inproceedings{Buterin2014weak,
title = {Proof of Stake: How I Learned to Love Weak Subjectivity},
author={Vitalik Buterin},
year={November 2014}, 
note={\url{https://blog.ethereum.org/2014/11/25/proof-stake-learned-love-weak-subjectivity/}}
}



@article{dwork1998performing,
  title={Performing work efficiently in the presence of faults},
  author={Dwork, Cynthia and Halpern, Joseph Y and Waarts, Orli},
  journal={SIAM Journal on Computing},
  volume={27},
  number={5},
  pages={1457--1491},
  year={1998},
  publisher={SIAM}
}





@inproceedings{AJK,
title= {Exposing computationally-challenged {B}yzantine impostors},
author={James Aspnes and Collin Jackson and Arvind Krishnamurthy},
booktitle={Yale University, Technical Report, YALEU/DCS/TR-1332},
year={2005},
}




@inproceedings{Back02,
  author    = {Adam Back},
  title     = {Hashcash --- {A} Denial of Service Counter-Measure},
  year      = {2002},
  note     = {\url{http://hashcash.org/papers/hashcash.pdf}},
}



@inproceedings{LiteCoin,
  title     = {LiteCoin},
    year      = {2011},
  note       = {\url{https://litecoin.org}},
}





@inproceedings{EthYellow,
  author    = {Gavin Wood},
  title     = {Ethereum: {A }secure decentralized transaction  ledger},
  year      = {2014},
  note       = {\url{http://gavwood.com/paper.pdf}},
}


@inproceedings{EthWhite,
	author = {Vitalik Buterin},
  title     = {{A Next-Generation Smart Contract and Decentralized Application Platform}},
  year      = {2014},
  note       = {\url{https://github.com/ethereum/wiki/wiki/White-Paper}},
}







@inproceedings{ADMM14bitcoin,
	Author = {Marcin Andrychowicz and Stefan Dziembowski and Daniel Malinowski and Lukasz Mazurek},
	Booktitle = {1st Workshop on Bitcoin Research 2014 (in Assocation with Financial Crypto)},
	Note = {http://eprint.iacr.org/2013/837},
	Title = {Fair Two-Party Computations via the BitCoin Deposits},
	Year = {2014}}

@inproceedings{STOC:Cleve86,
	Author = { Cleve, Richard},
	Booktitle = {STOC},
	Pages = {364-369},
	Title = {Limits on the Security of Coin Flips when Half the Processors Are Faulty (Extended Abstract)},
	Publisher = {ACM},
	Year = {1986}}






@inproceedings{SP:KMSWP16,
    author = { Kosba, Ahmed and  Miller, Andrew and  Shi, Elaine and Wen, Zikai and  Papamanthou, Charalampos},
    title = {Hawk: The Blockchain Model of Cryptography and Privacy-Preserving Smart Contracts},
    booktitle = {IEEE Symposium on Security and Privacy},
    year = {2016},
}

@inproceedings{R3CEV,
	title = {R3 Connects 11 Banks to Distributed Ledger Using {Ethereum} and {Microsoft Azure}.},
	booktitle = {International Business Times},
	year = {2016},
	note = {\url{http://ibt.uk/A6SNI}}
	}

@inproceedings{GHash,
	author = {Dan Goodin},
	title = {Bitcoin security guarantee shattered by anonymous miner with 51\% network power},
	note = {\url{http://arstechnica.com/}},
	year = {2014}
}

@inproceedings{IC3,
	author = {{National Science Foundation}},
	title = {{NSF} awards \$74.5 million to support interdisciplinary cybersecurity research},
	year = {2015},
	note = {\url{http://www.nsf.gov/news/news_summ.jsp?cntn_id=136481}}	
}


@inproceedings{BitcoinNG,
  title={Bitcoin-NG: A Scalable Blockchain Protocol},
  author={Eyal, Ittay and Gencer, Adem Efe and Sirer, Emin Gun and van Renesse, Robbert},
  booktitle = {USENIX NSDI},
  year={2016}
}

@inproceedings{IEEE:NKMS16,
    author = {Kartik Nayak and Srijan Kumar and Andrew Miller and Elaine Shi},
    title = {Stubborn Mining: Generalizing Selfish Mining and Combining with an Eclipse Attack},
    booktitle = {IEEE Euro SP},
    year = {2016},
}

@inproceedings{FC:CDEGJK16,
    author = { Croman, Kyle and
			   Decker, Christian and
			   Eyal, Ittay and
			   Gencer, Adem and
			   Juels, Ari and
			   Kosba, Ahmed and
			   Miller, Andrew and
			   Saxena, Prateek and
			   Shi, Elaine and
			   Sirer, Emin and
			   Song, Dawn
			  and  Wattenhofer, Roger},
    title = {On Scaling Decentralized Blockchains (A Position Paper)},
    booktitle = {3rd Workshop on Bitcoin and Blockchain Research},
    note = {\url{http://fc16.ifca.ai/bitcoin/papers/CDE+16.pdf}}
}



@inproceedings{BlackCoin,
  title={Blackcoin's proof-of-stake protocol v2},
  year = {2014},
  author={Vasin, Pavel},
  note={\url{http://blackcoin.org/blackcoin-pos-protocol-v2-whitepaper.pdf}}
}


@inproceedings{schwartz2014ripple,
  title={The Ripple protocol consensus algorithm},
  author={Schwartz, David and Youngs, Noah and Britto, Arthur}, 
  note = {\url{https://ripple.com/files/ripple_consensus_whitepaper.pdf}}
}

@inproceedings{mazieres2015stellar,
  title={The stellar consensus protocol: A federated model for internet-level consensus},
  author={Mazieres, David},
  publisher={Citeseer},
  note={\url{https://www.stellar.org/papers/stellar-consensus-protocol.pdf}}
}

@inproceedings{Rosenfeld12,
	author = {Meni Rosenfeld},
	year	= {2012},
	title={Proof of Stake (Meni's implementation)},
	booktitle = {Bitcoin wiki posting},
	note	=	{\url{https://en.bitcoin.it/wiki/Proof_of_Stake#Meni.27s_implementation}}
}



@inproceedings{tromp14,
	author = 	{John Tromp},
	title 	= 	{Cuckoo Cycle: a memory hard proof-of-work system},
	year	= {2014},
	note	=	{\url{http://www.hashcash.org/papers/cuckoo.pdf}},
}


@article{back2014enabling,
  title={Enabling blockchain innovations with pegged sidechains},
  author={Back, Adam and Maxwell, G and Corallo, M and Friedenbach, Mark and Dashjr, L},
  year={2014}
}

@article{wilcox2016Zcash,
	title	=	{Zcash},
	year	=	{2016},
	note 	= 	{\url{https://z.cash/}}
}

@techreport{poon2015bitcoin,
	author	=	{Poon, Joseph and Dryja, Thaddeus},
	title	=	{The bitcoin lightning network: Scalable off-chain instant payments},
	year	=	{2015},
	note	=	{\url{https://lightning.network/lightning-network-paper.pdf}},
}

@article{groza2014cryptographic,
  title={Cryptographic puzzles and dos resilience, revisited},
  author={Groza, Bogdan and Warinschi, Bogdan},
  journal={Designs, Codes and Cryptography},
  volume={73},
  number={1},
  pages={177--207},
  year={2014},
  publisher={Springer}
}

@article{dolev1983authenticated,
  title={Authenticated algorithms for Byzantine agreement},
  author={Dolev, Danny and Strong, H. Raymond},
  journal={SIAM Journal on Computing},
  volume={12},
  number={4},
  pages={656--666},
  year={1983},
  publisher={SIAM}
}


@article{BFT,
 author = {Lamport, Leslie and Shostak, Robert and Pease, Marshall},
 title = {The Byzantine Generals Problem},
 journal = {ACM Trans. Program. Lang. Syst.},
 issue_date = {July 1982},
 volume = {4},
 number = {3},
 month = jul,
 year = {1982},
 issn = {0164-0925},
 pages = {382--401},
 numpages = {20},
 url = {http://doi.acm.org/10.1145/357172.357176},
 doi = {10.1145/357172.357176},
 acmid = {357176},
 publisher = {ACM},
 address = {New York, NY, USA},
}

@inproceedings{Byzcoin,
	author = {Eleftherios Kokoris Kogias and Philipp Jovanovic and Nicolas Gailly and Ismail Khoffi and Linus Gasser and Bryan Ford},
	title = {Enhancing Bitcoin Security and Performance with Strong Consistency via Collective Signing},
	booktitle = {25th USENIX Security Symposium (USENIX Security 16)},
	year = {2016},
	isbn = {978-1-931971-32-4},
	address = {Austin, TX},
	pages = {279--296},
	url = {https://www.usenix.org/conference/usenixsecurity16/technical-sessions/presentation/kogias},
	publisher = {USENIX Association},
}




@inproceedings{BR93,
	author = {Bellare, Mihir and Rogaway, Phillip},
	title = {Random Oracles Are Practical: A Paradigm for Designing Efficient Protocols},
	booktitle = {Proceedings of the 1st ACM Conference on Computer and Communications Security},
	series = {CCS '93},
	year = {1993},
	location = {Fairfax, Virginia, USA},
	pages = {62--73},
	publisher = {ACM},
} 

@inproceedings{PoA,
 author = {Bentov, Iddo and Lee, Charles and Mizrahi, Alex and Rosenfeld, Meni},
 title = {Proof of Activity: Extending Bitcoin's Proof of Work via Proof of Stake},
 booktitle = {SIGMETRICS Perform. Eval. Rev.},
 year = {2014},
 pages = {34--37},
 publisher = {ACM},
} 








@inproceedings{Sleepy,
  author={Rafael Pass and Elaine Shi},
  title={The Sleepy Model of Consensus},
      booktitle = {ASIACRYPT},
  year={2017},
      note = {\url{http://eprint.iacr.org/2016/918}},
}



@inproceedings{SnowWhite,
    author = {Phil Daian and Rafael Pass and Elaine Shi},
    title = {Snow White: Robustly Reconfigurable Consensus and Applications to Provably Secure Proofs of Stake}, 
      booktitle = {FC},
    year = {2019},
    note = {\url{http://eprint.iacr.org/2016/919}},
}

@article{Algorand,
  title={Algorand: A secure and efficient distributed ledger},
  author={Chen, Jing and Micali, Silvio},
  journal={Theoretical Computer Science},
  volume={777},
  pages={155--183},
  year={2019},
  publisher={Elsevier},
  note ={\url{https://arxiv.org/abs/1607.01341}}
}

 @inproceedings{Algorand2,
   author    = {Yossi Gilad and Rotem Hemo and Silvio Micali and Georgios Vlachos and Nickolai Zeldovich},
   title     = {Algorand: Scaling Byzantine Agreements for Cryptocurrencies},
   booktitle   = {SOSP},
   year      = {2017},
   note       = {\url{https://eprint.iacr.org/2017/454}}
 }

 @inproceedings{Algorand3,
   author    = {Jing Chen and Sergey Gorbunov and Silvio Micali and Georgios Vlachos},
   title     = {ALGORAND AGREEMENT: Super Fast and Partition Resilient Byzantine Agreement},
   year      = {2018},
   note       = {\url{https://eprint.iacr.org/2018/377}}
 }



 
 
 
@inproceedings{PSS,
    author = {Rafael Pass and Lior Seeman and Abhi Shelat},
    title = {Analysis of the Blockchain Protocol in Asynchronous Networks},
    booktitle = {EUROCRYPT},
    year = {2017},
  note={\url{https://eprint.iacr.org/2016/454}}
}

@inproceedings{DFZ,
    author = {Tuyet Duong and Lei Fan and Hong-Sheng Zhou},
    title = {2-hop Blockchain: Combining Proof-of-Work and Proof-of-Stake Securely},
    booktitle = {Cryptology ePrint Archive, Report 2016/716},
    year = {2016},
  note={\url{https://eprint.iacr.org/2016/716}}
}
@inproceedings{DFZ2,
    author = {Tuyet Duong and Lei Fan and Hong-Sheng Zhou},
    title = {2-hop Blockchain: Combining Proof-of-Work and Proof-of-Stake Securely},
    year = {2017},
  note={Manuscript}
}

@inproceedings{DZ,
    author = {Tuyet Duong and Hong-Sheng Zhou},
    title = {A Note on Proof-of-Work Blockchains in the Open Setting},
    year = {2017},
  note={Manuscript},
}


@inproceedings{MultiMode,
  title     = {Multi-mode Cryptocurrency Systems},
    author    = {Tuyet Duong and Hong-Sheng Zhou and Alexander Chepurnoy},
      year      = {2017},
  note     = {Manuscript},
}



@inproceedings{PPCoin,
	author	=	{Sunny King and Scott Nadal},
	title 	=	{{PPCoin}: {P}eer-to-Peer Crypto-Currency with Proof-of-Stake},
	year	= 	{2012},
	note 	=	{\url{https://peercoin.net/assets/paper/peercoin-paper.pdf}}
}


@inproceedings{Szabo97,
  title={Formalizing and securing relationships on public networks.},
  author={Nick Szabo},
  booktitle={First Monday},
  year={1997},
  note ={\url{http://firstmonday.org/ojs/index.php/fm/article/view/548/469}}
}

@inproceedings{BitcoinWhite,
  title={Bitcoin: {A} peer-to-peer electronic cash system},
  author={Satoshi Nakamoto},
  year={2008},
  note = {\url{https://bitcoin.org/bitcoin.pdf}}
}



@inproceedings{Tendermint,
   title={Tendermint: Consensus without Mining},
  author={Jae Kwon},
  note={\url{https://tendermint.com/static/docs/tendermint.pdf}},
  year={2014}
}



@inproceedings{borisov2006computational,
  title={Computational puzzles as sybil defenses},
  author={Borisov, Nikita},
  booktitle={Peer-to-Peer Computing},
  pages={171--176},
  year={2006},
  organization={IEEE},
  note = {\url{www.hatswitch.org/~nikita/papers/sybil.pdf}}
}


@inproceedings{CDFZ,
    author = {Alexander Chepurnoy and Tuyet Duong and Lei Fan and Hong-Sheng Zhou},
    title = {TwinsCoin: A Cryptocurrency via Proof-of-Work and Proof-of-Stake},
    booktitle = {Cryptology ePrint Archive, Report 2017/232},
    year = {2017},
  note={\url{https://eprint.iacr.org/2017/232}}
}


@inproceedings{HybridConsensus,
    author = {Rafael Pass and Elaine Shi},
    title = {Hybrid Consensus: Efficient Consensus in the Permissionless Model},
    booktitle = {Cryptology ePrint Archive, Report 2016/917},
    year = {2016},
    note = {\url{http://eprint.iacr.org/2016/917}},
}


@inproceedings{GKL17,
    author = {Juan A. Garay and Aggelos Kiayias and Nikos Leonardos},
    title = {The Bitcoin Backbone Protocol with Chains of Variable Difficulty},
    booktitle = {CRYPTO},
    year = {2017},
  note={\url{https://eprint.iacr.org/2016/1048}}
}

@inproceedings{Ouroboros,
    author = {Aggelos Kiayias and Alexander Russell and Bernardo David and Roman Oliynykov},
    title = {Ouroboros: A Provably Secure Proof-of-Stake Blockchain Protocol},
    booktitle = {CRYPTO},
    year = {2017},
    note = {\url{http://eprint.iacr.org/2016/889}},
}


@inproceedings{Buterin2015casper,
	author = {Vitalik Buterin},
	title = {Understanding Serenity, Part 2: Casper},
	year = {2015},
	note = {\url{https://blog.ethereum.org/2015/12/28/understanding-serenity-part-2-casper/}}	
}

@inproceedings{Stakeshift,
  title={Stake shift in major cryptocurrencies: An empirical study},
  author={St{\"u}tz, Rainer and Ga{\v{z}}i, Peter and Haslhofer, Bernhard and Illum, Jacob},
  booktitle={International Conference on Financial Cryptography and Data Security},
  pages={97--113},
  year={2020},
  organization={Springer}
}


@article{RentingMiningPower,
  title={Why buy when you can rent? Bribery attacks on Bitcoin consensus},
  author={Bonneau, Joseph and Felten, Edward W and Goldfeder, Steven and Kroll, Joshua A and Narayanan, Arvind},
  year={2016},
  publisher={Citeseer}
}

@article{PoTS,
  title={PoTS: A Secure Proof of TEE-Stake for Permissionless Blockchains},
  author={Andreina, S{\'e}bastien and Bohli, Jens-Matthias and Karame, G and Li, Wenting and Marson, Giorgia Azzurra},
  journal={IEEE Transactions on Services Computing},
  year={2020},
  publisher={IEEE}
}

@inproceedings{Conflux,
  title={A decentralized blockchain with high throughput and fast confirmation},
  author={Li, Chenxin and Li, Peilun and Zhou, Dong and Yang, Zhe and Wu, Ming and Yang, Guang and Xu, Wei and Long, Fan and Yao, Andrew Chi-Chih},
  booktitle={2020 $\{$USENIX$\}$ Annual Technical Conference ($\{$USENIX$\}$$\{$ATC$\}$ 20)},
  pages={515--528},
  year={2020}
}

@misc{Chia,
  title={The chia network blockchain},
  author={Cohen, Bram and Pietrzak, Krzysztof},
  year={2019}
}

@article{FC:DebCabTse21,
  title={PoSAT: Proof-of-Work Availability and Unpredictability, without the Work},
  author={Deb, Soubhik and Kannan, Sreeram and Tse, David},
  journal={FC 2021,},
  year={2020}
}
@incollection{TeeBasedPos,
  title={Securing proof-of-stake blockchain protocols},
  author={Li, Wenting and Andreina, S{\'e}bastien and Bohli, Jens-Matthias and Karame, Ghassan},
  booktitle={Data Privacy Management, Cryptocurrencies and Blockchain Technology},
  pages={297--315},
  year={2017},
  publisher={Springer}
}

@article{OuroborosOptimalThroughput,
  title={Proof-of-Stake Blockchain Protocols with Near-Optimal Throughput.},
  author={Fitzi, Matthias and Gazi, Peter and Kiayias, Aggelos and Russell, Alexander},
  journal={IACR Cryptol. ePrint Arch.},
  volume={2020},
  pages={37},
  year={2020}
}

@article{longrangeattacks,
  title={A survey on long-range attacks for proof of stake protocols},
  author={Deirmentzoglou, Evangelos and Papakyriakopoulos, Georgios and Patsakis, Constantinos},
  journal={IEEE Access},
  volume={7},
  pages={28712--28725},
  year={2019},
  publisher={IEEE}
}



@inproceedings{Cardano,
	title = {{Cardano} Whitepaper},
	year = {2017},
	note = {\url{https://whitepaper.io/document/581/cardano-whitepaper}}	
}

@inproceedings{NXT,
	title = {{NXT} Whitepaper},
	year = {2014},
	note = {\url{https://www.dropbox.com/s/cbuwrorf672c0yy/NxtWhitepaper_v122_rev4.pdf}}	
}

@inproceedings{EOS,
	title = {{EOS} Whitepaper},
	year = {2018},
	note = {\url{https://github.com/EOSIO/Documentation/blob/master/TechnicalWhitePaper.md}}	
}

@inproceedings{NewSybil,
	author = {Tuyet Duong and Lei Fan and Jonathan Katz and Andrew Miller and Hong-Sheng Zhou},
	title = {New Sybil Attack and Impossibility for Permissionless Proof-of-Stake Blockchain},
	year = {2017},
	note = {Work in progress},
}


@inproceedings{TwinsCoinImpl,
  title     = {{TwinsCoin} Source Code},
  note     = {\url{https://bitbucket.org/TwCoin/twinscoin}},
}


@inproceedings{impPOS,
	author 	= 	{Andrew Poelstra},
	title 	=	{On Stake and Consensus},
	year 	=	{2015},
	note	=	{\url{https://download.wpsoftware.net/bitcoin/pos.pdf}}
}

@inproceedings{OuroborosPraos,
    author = {Bernardo David and Peter Gazi and Aggelos Kiayias and Alexander Russell},
    title = {{Ouroboros Praos: An adaptively-secure, semi-synchronous proof-of-stake blockchain}}, 
    booktitle = {EUROCRYPT},
    year = {2018},
    note = {\url{http://eprint.iacr.org/2017/573}}
   } 

@inproceedings{Ouroboros3,
    author = {Christian Badertscher and Peter Gazi and Aggelos Kiayias and Alexander Russell and Vassilis Zikas},
    title = {{Ouroboros Genesis: Composable Proof-of-Stake Blockchains with Dynamic Availability}}, 
        booktitle = {CCS},
    year = {2018},
    note = {\url{https://eprint.iacr.org/2018/378}}
   } 





@inproceedings{nova14,
	author = {CryptoManiac},
	title = {Proof of stake. NovaCoin wiki}, 
	year = {2014}, 
	note = {\url{https://github.com/novacoin-project/novacoin/wiki/Proof-of-stake/}}	
}



@inproceedings{AFT:SWZ21,
  author       = {Yonatan Sompolinsky and
                  Shai Wyborski and
                  Aviv Zohar},
  editor       = {Foteini Baldimtsi and
                  Tim Roughgarden},
  title        = {{PHANTOM} {GHOSTDAG:} a scalable generalization of Nakamoto consensus:
                  September 2, 2021},
  booktitle    = {{AFT} '21: 3rd {ACM} Conference on Advances in Financial Technologies,
                  Arlington, Virginia, USA, September 26 - 28, 2021},
  pages        = {57--70},
  publisher    = {{ACM}},
  year         = {2021},
  url          = {https://doi.org/10.1145/3479722.3480990},
  doi          = {10.1145/3479722.3480990},
  timestamp    = {Wed, 01 Dec 2021 16:23:08 +0100},
  biburl       = {https://dblp.org/rec/conf/aft/SompolinskyWZ21.bib},
  bibsource    = {dblp computer science bibliography, https://dblp.org}
}

@article{SnowFamily,
  author       = {Team Rocket and
                  Maofan Yin and
                  Kevin Sekniqi and
                  Robbert van Renesse and
                  Emin G{\"{u}}n Sirer},
  title        = {Scalable and Probabilistic Leaderless {BFT} Consensus through Metastability},
  journal      = {CoRR},
  volume       = {abs/1906.08936},
  year         = {2019},
  url          = {http://arxiv.org/abs/1906.08936},
  eprinttype    = {arXiv},
  eprint       = {1906.08936},
  timestamp    = {Mon, 24 Jun 2019 17:28:45 +0200},
  biburl       = {https://dblp.org/rec/journals/corr/abs-1906-08936.bib},
  bibsource    = {dblp computer science bibliography, https://dblp.org}
}

@inproceedings{FKLTZ24,
  author       = {Lei Fan and
                  Jonathan Katz and
                  Zhenghao Lu and
                  Phuc Thai and
                  Hong{-}Sheng Zhou},
  editor       = {Dan Alistarh},
  title        = {Brief Announcement: Best-Possible Unpredictable Proof-Of-Stake},
  booktitle    = {38th International Symposium on Distributed Computing, {DISC} 2024,
                  October 28 to November 1, 2024, Madrid, Spain},
  series       = {LIPIcs},
  volume       = {319},
  pages        = {45:1--45:7},
  publisher    = {Schloss Dagstuhl - Leibniz-Zentrum f{\"{u}}r Informatik},
  year         = {2024},
  url          = {https://doi.org/10.4230/LIPIcs.DISC.2024.45},
  doi          = {10.4230/LIPICS.DISC.2024.45},
  timestamp    = {Thu, 01 May 2025 20:27:16 +0200},
  biburl       = {https://dblp.org/rec/conf/wdag/0002KLTZ24.bib},
  bibsource    = {dblp computer science bibliography, https://dblp.org}
}
