@article{lamport1982byzantine,
  title={The Byzantine generals problem},
  author={Lamport, Leslie and Shostak, Robert and Pease, Marshall},
  journal={ACM Transactions on Programming Languages and Systems (TOPLAS)},
  volume={4},
  number={3},
  pages={382--401},
  year={1982},
  publisher={ACM}
}

@article{dwork1988consensus,
  title={Consensus in the presence of partial synchrony},
  author={Dwork, Cynthia and Lynch, Nancy and Stockmeyer, Larry},
  journal={Journal of the ACM (JACM)},
  volume={35},
  number={2},
  pages={288--323},
  year={1988},
  publisher={ACM}
}

@phdthesis{okun2005distributed,
  title={Distributed computing among unacquainted processors in the presence of byzantine distributed computing among unacquainted processors in the presence of byzantine failures},
  author={Okun, Michael},
  year={2005},
  school={Ph. D. Thesis Hebrew University of Jerusalem}
}

@article{WP:BMCNKF,
  title={Research perspectives on Bitcoin and second-generation cryptocurrencies},
  author={Bonneau, Joseph and Miller, Andrew and Clark, Jeremy and , Narayanan, Arvind and Kroll, Joshua A. and Felten, Edward W.}
}

@article{kwon2014tendermint,
  title={TenderMint: Consensus without Mining},
  author={Kwon, Jae},
  note={\url{http://tendermint.com/docs/tendermint.pdf}},
  year={2014}
}

@inproceedings{IFIP:Vukolic15,
  title={The quest for scalable blockchain fabric: Proof-of-work vs. BFT replication},
  author={Vukolic, Marko},
  booktitle={IFIP WG 11.4 Workshop on Open Research Problems in Network Security (iNetSec)},
  year={2015}
}

@article{SIAM:DolStr83,
  title={Authenticated algorithms for Byzantine agreement},
  author={Dolev, Danny and Strong, H. Raymond},
  journal={SIAM Journal on Computing},
  volume={12},
  number={4},
  pages={656--666},
  year={1983},
  publisher={SIAM}
}

@article{WP:Vasin14,
  title={Blackcoin’s proof-of-stake protocol v2},
  author={Vasin, Pavel},
  year={2014}
}

@article{ACMS:BLMR14,
  title={Proof of Activity: Extending Bitcoin's Proof of Work via Proof of Stake [Extended Abstract] y},
  author={Bentov, Iddo and Lee, Charles and Mizrahi, Alex and Rosenfeld, Meni},
  journal={ACM SIGMETRICS Performance Evaluation Review},
  volume={42},
  number={3},
  pages={34--37},
  year={2014},
  publisher={ACM}
}
@article{buterin14,
  title={Slasher: A punitive proof-of-stake algorithm},
  author={Vitalik Buterin},
  journal={Ethereum Blog URL: https://blog.ethereum. org/2014/01/15/slasher-a-punitive-proof-of-stake-algorithm},
  year={2014}
}

@article{meni12,
  title={Meni's Implementation},
  author={Meni Rosenfeld},
  journal={Bitcoin wiki URL: https://en.bitcoin.it/wiki},
  year={2012}	
}

@article{Mech14,
  title={Proof of stake instead of proof of work},
  author={QuantumMechanic},
  journal={Bitcointalk forum URL: https://bitcointalk.org/index.php?topic=27787.0},
  year={2014}
}

@inproceedings {BGM16,
  title={Cryptocurrencies without Proof of Work},
  author={Iddo Bentov, Ariel Gabizon, Alex Mizrahi},
  booktitle = {3rd Workshop on Bitcoin and Blockchain Research - Financial Cryptography},	
  year={2016},
  organization={Springer}
}


@article{WP:mthcl14,
  title={The math of Nxt forging},
  author={mthcl},
  year={2014}
}


@article{king14,
  title={{PPCoin}: Peer-to-Peer Crypto-Carticleurrency with Proof-of-Stake},
  author={King, Sunny and Nadal, Scott},
  note={\url{http://www.peercoin.net/assets/paper/peercoin-paper.pdf}},
  year={2012}
}
@article{pike14,
  title={PoST White Paper},
  author={Pike, Douglas and Nosker, Patrick and Boehm, David and Grisham, Daniel and Woods, Steve and Marston, Joshua},
  year={2015}
}

@article{biryukov2015fast,
  title={Fast and Tradeoff-Resilient Memory-Hard Functions for Cryptocurrencies and Password Hashing.},
  author={Alex Biryukov and Daniel Dinu and Dmitry Khovratovich},
  journal={IACR Cryptology ePrint Archive},
  volume={2015},
  pages={430},
  year={2015}
}

@article{biryukov2015argon,
  title={Argon2: the memory-hard function for password hashing and other applications},
  author={Alex Biryukov and Daniel Dinu and Dmitry Khovratovich},
  year={2015},
  note={Specification available \url{https://www.cryptolux.org/index.php/Argon2}}
}

@article{poelstra2015stake,
  title={On Stake and Consensus},
  author={Poelstra, Andrew},
  year={2015},
  note={\url{https://download.wpsoftware.net/bitcoin/pos.pdf}}
}
@article{PW16,
    author = {Cecile Pierrot and Benjamin Wesolowski},
    title = {Malleability of the blockchain’s entropy},
    howpublished = {Cryptology ePrint Archive, Report 2016/370},
    year = {2016},
    note = {\url{http://eprint.iacr.org/2016/370}},
}

@article{castro2002practical,
  title={Practical Byzantine fault tolerance and proactive recovery},
  author={Castro, Miguel and Liskov, Barbara},
  journal={ACM Transactions on Computer Systems (TOCS)},
  volume={20},
  number={4},
  pages={398--461},
  year={2002},
  publisher={ACM}
}