%% This BibTeX bibliography file was created using BibDesk.
%% http://bibdesk.sourceforge.net/


%% Created for Aggelos Kiayias at 2015-05-16 00:20:49 +0300 


%% Saved with string encoding Unicode (UTF-8) 


@inproceedings{yellow,
  author    = {Gavin Wood},
  title     = {Ethereum: A secure decentralized transaction  ledger},
  year      = {2014},
  note       = {http://gavwood.com/paper.pdf},
}



@inproceedings{CCS:RufKatSch15,
  author    = {Tim Ruffing and
               Aniket Kate and
               Dominique Schr{\"{o}}der},
  title     = {Liar, Liar, Coins on Fire!: Penalizing Equivocation By Loss of Bitcoins},
  booktitle = {Proceedings of the 22nd {ACM} {SIGSAC} Conference on Computer and
               Communications Security, Denver, CO, USA, October 12-6, 2015},
  pages     = {219--230},
  year      = {2015},
 }


@incollection{afg2006,
	Author = {Angluin, Dana and Fischer, MichaelJ. and Jiang, Hong},
	Booktitle = {Distributed Computing in Sensor Systems},
	Date-Added = {2015-05-15 19:29:57 +0000},
	Date-Modified = {2015-05-15 19:29:57 +0000},
	Doi = {10.1007/11776178_3},
	Editor = {Gibbons, PhillipB. and Abdelzaher, Tarek and Aspnes, James and Rao, Ramesh},
	Isbn = {978-3-540-35227-3},
	Pages = {37-50},
	Publisher = {Springer Berlin Heidelberg},
	Series = {Lecture Notes in Computer Science},
	Title = {Stabilizing Consensus in Mobile Networks},
	Url = {http://dx.doi.org/10.1007/11776178_3},
	Volume = {4026},
	Year = {2006},
	Bdsk-Url-1 = {http://dx.doi.org/10.1007/11776178_3}}

@techreport{ajk2005,
	Author = {James Aspnes and Collin Jackson and Arvind Krishnamurthy},
	Date-Added = {2015-05-15 19:29:57 +0000},
	Date-Modified = {2015-05-15 19:29:57 +0000},
	Institution = {Yale University Department of Computer Science},
	Month = jul,
	Number = {YALEU/DCS/TR-1332},
	Title = {Exposing computationally-challenged {B}yzantine impostors},
	Year = 2005}

@book{as2004,
	Author = {Alon, N. and Spencer, J.H.},
	Date-Added = {2015-05-15 19:29:57 +0000},
	Date-Modified = {2015-05-15 19:29:57 +0000},
	Isbn = {9780471653981},
	Publisher = {Wiley},
	Series = {Wiley-Interscience series in discrete mathematics and optimization},
	Title = {The Probabilistic Method},
	Url = {http://books.google.gr/books?id=q3lUjheWiMoC},
	Year = {2004},
	Bdsk-Url-1 = {http://books.google.gr/books?id=q3lUjheWiMoC}}

@inproceedings{b1983,
	Author = {Michael Ben-Or},
	Bibsource = {DBLP, http://dblp.uni-trier.de},
	Booktitle = {PODC},
	Crossref = {DBLP:conf/podc/1983},
	Date-Added = {2015-05-15 19:29:57 +0000},
	Date-Modified = {2015-05-15 19:29:57 +0000},
	Ee = {http://doi.acm.org/10.1145/800221.806707},
	Pages = {27-30},
	Title = {Another Advantage of Free Choice: Completely Asynchronous Agreement Protocols (Extended Abstract)},
	Year = {1983}}

@misc{BK14ccs,
	Author = {Iddo Bentov and Ranjit Kumaresan},
	Date-Added = {2015-05-15 19:29:57 +0000},
	Date-Modified = {2015-05-15 19:29:57 +0000},
	Howpublished = {ACM CCS 2014},
	Title = {How to Use Bitcoin to Incentivize Correct Computations},
	Year = {2014}}

@inproceedings{C:Chaum82,
	Address = cryptoaddr,
	Author = {David Chaum},
	Booktitle = crypto82name,
	Date-Added = {2015-05-15 19:29:57 +0000},
	Date-Modified = {2015-05-15 19:29:57 +0000},
	Editor = crypto82ed,
	Month = crypto82month,
	Pages = {199--203},
	Publisher = plenumpress,
	Title = {Blind Signatures for Untraceable Payments},
	Volume = crypto82vol,
	Year = 1982}

@article{Canetti2000,
	Author = {Ran Canetti},
	Bibsource = {DBLP, http://dblp.uni-trier.de},
	Date-Added = {2015-05-15 19:29:57 +0000},
	Date-Modified = {2015-05-15 19:29:57 +0000},
	Ee = {http://dx.doi.org/10.1007/s001459910006},
	Journal = {J. Cryptology},
	Number = {1},
	Pages = {143-202},
	Title = {Security and Composition of Multiparty Cryptographic Protocols},
	Volume = {13},
	Year = {2000}}

@misc{Bentov:2014fk,
	Crossref = {DBLP:conf/crypto/BentovK14},
	Date-Added = {2015-05-15 19:29:57 +0000},
	Date-Modified = {2015-05-15 19:29:57 +0000}}

@book{ct06,
	Author = {Thomas M. Cover and Joy A. Thomas},
	Date-Added = {2015-05-15 19:29:57 +0000},
	Date-Modified = {2015-05-15 19:29:57 +0000},
	Isbn = {0471241954},
	Publisher = {Wiley-Interscience},
	Title = {Elements of Information Theory},
	Year = {2006}}

@article{Cunicula2014,
	Author = {Cunicula},
	Date-Added = {2015-05-15 19:29:57 +0000},
	Date-Modified = {2015-05-15 19:29:57 +0000},
	Title = {Why doesn't Bitcoin use a tiebreaking rule when comparing chains of equal length? {\tt https://bitcointalk.org/index.php?topic=355644.0}},
	Year = {2013}}

@proceedings{DBLP:conf/ccs/1993,
	Bibsource = {dblp computer science bibliography, http://dblp.org},
	Biburl = {http://dblp.uni-trier.de/rec/bib/conf/ccs/1993},
	Date-Added = {2015-05-15 19:29:57 +0000},
	Date-Modified = {2015-05-15 19:29:57 +0000},
	Editor = {Dorothy E. Denning and Raymond Pyle and Ravi Ganesan and Ravi S. Sandhu and Victoria Ashby},
	Isbn = {0-89791-629-8},
	Publisher = {{ACM}},
	Timestamp = {Mon, 29 Sep 2014 16:39:54 +0200},
	Title = {{CCS} '93, Proceedings of the 1st {ACM} Conference on Computer and Communications Security, Fairfax, Virginia, USA, November 3-5, 1993},
	Url = {http://dl.acm.org/citation.cfm?id=168588},
	Year = {1993},
	Bdsk-Url-1 = {http://dl.acm.org/citation.cfm?id=168588}}

@inproceedings{DBLP:conf/ccs/BellareR93,
	Author = {Mihir Bellare and Phillip Rogaway},
	Bibsource = {dblp computer science bibliography, http://dblp.org},
	Biburl = {http://dblp.uni-trier.de/rec/bib/conf/ccs/BellareR93},
	Booktitle = {{CCS} '93, Proceedings of the 1st {ACM} Conference on Computer and Communications Security, Fairfax, Virginia, USA, November 3-5, 1993.},
	Crossref = {DBLP:conf/ccs/1993},
	Date-Added = {2015-05-15 19:29:57 +0000},
	Date-Modified = {2015-05-15 19:29:57 +0000},
	Doi = {10.1145/168588.168596},
	Pages = {62--73},
	Timestamp = {Mon, 29 Sep 2014 16:39:54 +0200},
	Title = {Random Oracles are Practical: {A} Paradigm for Designing Efficient Protocols},
	Url = {http://doi.acm.org/10.1145/168588.168596},
	Year = {1993},
	Bdsk-Url-1 = {http://doi.acm.org/10.1145/168588.168596},
	Bdsk-Url-2 = {http://dx.doi.org/10.1145/168588.168596}}

@proceedings{DBLP:conf/crypto/1992,
	Bibsource = {DBLP, http://dblp.uni-trier.de},
	Booktitle = {CRYPTO},
	Date-Added = {2015-05-15 19:29:57 +0000},
	Date-Modified = {2015-05-15 19:29:57 +0000},
	Editor = {Ernest F. Brickell},
	Isbn = {3-540-57340-2},
	Publisher = {Springer},
	Series = {Lecture Notes in Computer Science},
	Title = {Advances in Cryptology - CRYPTO '92, 12th Annual International Cryptology Conference, Santa Barbara, California, USA, August 16-20, 1992, Proceedings},
	Volume = {740},
	Year = {1993}}

@proceedings{DBLP:conf/crypto/2014-2,
	Bibsource = {dblp computer science bibliography, http://dblp.org},
	Biburl = {http://dblp.uni-trier.de/rec/bib/conf/crypto/2014-2},
	Date-Added = {2015-05-15 19:29:57 +0000},
	Date-Modified = {2015-05-15 19:29:57 +0000},
	Doi = {10.1007/978-3-662-44381-1},
	Editor = {Juan A. Garay and Rosario Gennaro},
	Isbn = {978-3-662-44380-4},
	Publisher = {Springer},
	Series = {Lecture Notes in Computer Science},
	Timestamp = {Mon, 22 Sep 2014 23:52:46 +0200},
	Title = {Advances in Cryptology - {CRYPTO} 2014 - 34th Annual Cryptology Conference, Santa Barbara, CA, USA, August 17-21, 2014, Proceedings, Part {II}},
	Url = {http://dx.doi.org/10.1007/978-3-662-44381-1},
	Volume = {8617},
	Year = {2014},
	Bdsk-Url-1 = {http://dx.doi.org/10.1007/978-3-662-44381-1}}

@inproceedings{DBLP:conf/crypto/BentovK14,
	Author = {Iddo Bentov and Ranjit Kumaresan},
	Bibsource = {dblp computer science bibliography, http://dblp.org},
	Biburl = {http://dblp.uni-trier.de/rec/bib/conf/crypto/BentovK14},
	Booktitle = {Advances in Cryptology - {CRYPTO} 2014 - 34th Annual Cryptology Conference, Santa Barbara, CA, USA, August 17-21, 2014, Proceedings, Part {II}},
	Crossref = {DBLP:conf/crypto/2014-2},
	Date-Added = {2015-05-15 19:29:57 +0000},
	Date-Modified = {2015-05-15 19:29:57 +0000},
	Doi = {10.1007/978-3-662-44381-1_24},
	Pages = {421--439},
	Timestamp = {Mon, 22 Sep 2014 23:52:46 +0200},
	Title = {How to Use Bitcoin to Design Fair Protocols},
	Url = {http://dx.doi.org/10.1007/978-3-662-44381-1_24},
	Year = {2014},
	Bdsk-Url-1 = {http://dx.doi.org/10.1007/978-3-662-44381-1_24}}

@inproceedings{DBLP:conf/crypto/DworkN92,
	Author = {Cynthia Dwork and Moni Naor},
	Bibsource = {DBLP, http://dblp.uni-trier.de},
	Booktitle = {CRYPTO},
	Crossref = {DBLP:conf/crypto/1992},
	Date-Added = {2015-05-15 19:29:57 +0000},
	Date-Modified = {2015-05-15 19:29:57 +0000},
	Ee = {http://dx.doi.org/10.1007/3-540-48071-4_10},
	Pages = {139-147},
	Title = {Pricing via Processing or Combatting Junk Mail},
	Year = {1992}}

@proceedings{DBLP:conf/eurocrypt/2010,
	Bibsource = {dblp computer science bibliography, http://dblp.org},
	Biburl = {http://dblp.uni-trier.de/rec/bib/conf/eurocrypt/2010},
	Date-Added = {2015-05-15 19:29:57 +0000},
	Date-Modified = {2015-05-15 19:29:57 +0000},
	Doi = {10.1007/978-3-642-13190-5},
	Editor = {Henri Gilbert},
	Isbn = {978-3-642-13189-9},
	Publisher = {Springer},
	Series = {Lecture Notes in Computer Science},
	Timestamp = {Sun, 07 Sep 2014 04:44:08 +0200},
	Title = {Advances in Cryptology - {EUROCRYPT} 2010, 29th Annual International Conference on the Theory and Applications of Cryptographic Techniques, French Riviera, May 30 - June 3, 2010. Proceedings},
	Url = {http://dx.doi.org/10.1007/978-3-642-13190-5},
	Volume = {6110},
	Year = {2010},
	Bdsk-Url-1 = {http://dx.doi.org/10.1007/978-3-642-13190-5}}

@inproceedings{DBLP:conf/eurocrypt/HirtZ10,
	Author = {Martin Hirt and Vassilis Zikas},
	Bibsource = {dblp computer science bibliography, http://dblp.org},
	Biburl = {http://dblp.uni-trier.de/rec/bib/conf/eurocrypt/HirtZ10},
	Booktitle = {Advances in Cryptology - {EUROCRYPT} 2010, 29th Annual International Conference on the Theory and Applications of Cryptographic Techniques, French Riviera, May 30 - June 3, 2010. Proceedings},
	Crossref = {DBLP:conf/eurocrypt/2010},
	Date-Added = {2015-05-15 19:29:57 +0000},
	Date-Modified = {2015-05-15 19:29:57 +0000},
	Doi = {10.1007/978-3-642-13190-5_24},
	Pages = {466--485},
	Timestamp = {Sun, 07 Sep 2014 04:44:08 +0200},
	Title = {Adaptively Secure Broadcast},
	Url = {http://dx.doi.org/10.1007/978-3-642-13190-5_24},
	Year = {2010},
	Bdsk-Url-1 = {http://dx.doi.org/10.1007/978-3-642-13190-5_24}}

@proceedings{DBLP:conf/fc/2012,
	Bibsource = {DBLP, http://dblp.uni-trier.de},
	Booktitle = {Financial Cryptography},
	Date-Added = {2015-05-15 19:29:57 +0000},
	Date-Modified = {2015-05-15 19:29:57 +0000},
	Editor = {Angelos D. Keromytis},
	Ee = {http://dx.doi.org/10.1007/978-3-642-32946-3},
	Isbn = {978-3-642-32945-6},
	Publisher = {Springer},
	Series = {Lecture Notes in Computer Science},
	Title = {Financial Cryptography and Data Security - 16th International Conference, FC 2012, Kralendijk, Bonaire, Februray 27-March 2, 2012, Revised Selected Papers},
	Volume = {7397},
	Year = {2012}}

@inproceedings{DBLP:conf/fc/BarberBSU12,
	Author = {Simon Barber and Xavier Boyen and Elaine Shi and Ersin Uzun},
	Bibsource = {DBLP, http://dblp.uni-trier.de},
	Booktitle = {Financial Cryptography},
	Crossref = {DBLP:conf/fc/2012},
	Date-Added = {2015-05-15 19:29:57 +0000},
	Date-Modified = {2015-05-15 19:29:57 +0000},
	Ee = {http://dx.doi.org/10.1007/978-3-642-32946-3_29},
	Pages = {399-414},
	Title = {Bitter to Better - How to Make Bitcoin a Better Currency},
	Year = {2012}}

@proceedings{DBLP:conf/focs/FOCS24,
	Bibsource = {DBLP, http://dblp.uni-trier.de},
	Booktitle = {FOCS},
	Date-Added = {2015-05-15 19:29:57 +0000},
	Date-Modified = {2015-05-15 19:29:57 +0000},
	Publisher = {IEEE Computer Society},
	Title = {24th Annual Symposium on Foundations of Computer Science, Tucson, Arizona, USA, 7-9 November 1983},
	Year = {1983}}

@proceedings{DBLP:conf/ftcs/1993,
	Bibsource = {dblp computer science bibliography, http://dblp.org},
	Biburl = {http://dblp.uni-trier.de/rec/bib/conf/ftcs/1993},
	Date-Added = {2015-05-15 19:29:57 +0000},
	Date-Modified = {2015-05-15 19:29:57 +0000},
	Isbn = {0-8186-3680-7},
	Publisher = {{IEEE} Computer Society},
	Timestamp = {Tue, 09 Sep 2014 08:19:51 +0200},
	Title = {Digest of Papers: FTCS-23, The Twenty-Third Annual International Symposium on Fault-Tolerant Computing, Toulouse, France, June 22-24, 1993},
	Year = {1993}}

@inproceedings{DBLP:conf/ftcs/BermanG93,
	Author = {Piotr Berman and Juan A. Garay},
	Bibsource = {dblp computer science bibliography, http://dblp.org},
	Biburl = {http://dblp.uni-trier.de/rec/bib/conf/ftcs/BermanG93},
	Booktitle = {Digest of Papers: FTCS-23, The Twenty-Third Annual International Symposium on Fault-Tolerant Computing, Toulouse, France, June 22-24, 1993},
	Crossref = {DBLP:conf/ftcs/1993},
	Date-Added = {2015-05-15 19:29:57 +0000},
	Date-Modified = {2015-05-15 19:29:57 +0000},
	Doi = {10.1109/FTCS.1993.627344},
	Pages = {412--419},
	Timestamp = {Tue, 09 Sep 2014 08:19:51 +0200},
	Title = {Randomized Distributed Agreement Revisited},
	Url = {http://doi.ieeecomputersociety.org/10.1109/FTCS.1993.627344},
	Year = {1993},
	Bdsk-Url-1 = {http://doi.ieeecomputersociety.org/10.1109/FTCS.1993.627344},
	Bdsk-Url-2 = {http://dx.doi.org/10.1109/FTCS.1993.627344}}

@proceedings{DBLP:conf/ndss/1999,
	Bibsource = {DBLP, http://dblp.uni-trier.de},
	Booktitle = {NDSS},
	Date-Added = {2015-05-15 19:29:57 +0000},
	Date-Modified = {2015-05-15 19:29:57 +0000},
	Isbn = {1-891562-04-5, 1-891562-05-3},
	Publisher = {The Internet Society},
	Title = {Proceedings of the Network and Distributed System Security Symposium, NDSS 1999, San Diego, California, USA},
	Year = {1999}}

@inproceedings{DBLP:conf/ndss/JuelsB99,
	Author = {Ari Juels and John G. Brainard},
	Bibsource = {DBLP, http://dblp.uni-trier.de},
	Booktitle = {NDSS},
	Crossref = {DBLP:conf/ndss/1999},
	Date-Added = {2015-05-15 19:29:57 +0000},
	Date-Modified = {2015-05-15 19:29:57 +0000},
	Ee = {http://www.isoc.org/isoc/conferences/ndss/99/proceedings/papers/juels.pdf},
	Title = {Client Puzzles: A Cryptographic Countermeasure Against Connection Depletion Attacks},
	Year = {1999}}

@proceedings{DBLP:conf/p2p/2013,
	Bibsource = {DBLP, http://dblp.uni-trier.de},
	Booktitle = {P2P},
	Date-Added = {2015-05-15 19:29:57 +0000},
	Date-Modified = {2015-05-15 19:29:57 +0000},
	Ee = {http://ieeexplore.ieee.org/xpl/mostRecentIssue.jsp?punumber=6679377},
	Isbn = {978-1-4799-0521-8},
	Publisher = {IEEE},
	Title = {13th IEEE International Conference on Peer-to-Peer Computing, IEEE P2P 2013, Trento, Italy, September 9-11, 2013, Proceedings},
	Year = {2013}}

@inproceedings{DBLP:conf/p2p/DeckerW13,
	Author = {Christian Decker and Roger Wattenhofer},
	Bibsource = {DBLP, http://dblp.uni-trier.de},
	Booktitle = {P2P},
	Crossref = {DBLP:conf/p2p/2013},
	Date-Added = {2015-05-15 19:29:57 +0000},
	Date-Modified = {2015-05-15 19:29:57 +0000},
	Ee = {http://dx.doi.org/10.1109/P2P.2013.6688704},
	Pages = {1-10},
	Title = {Information propagation in the Bitcoin network},
	Year = {2013}}

@proceedings{DBLP:conf/podc/1983,
	Bibsource = {DBLP, http://dblp.uni-trier.de},
	Booktitle = {PODC},
	Date-Added = {2015-05-15 19:29:57 +0000},
	Date-Modified = {2015-05-15 19:29:57 +0000},
	Editor = {Robert L. Probert and Nancy A. Lynch and Nicola Santoro},
	Ee = {http://dl.acm.org/citation.cfm?id=800221},
	Isbn = {0-89791-110-5},
	Publisher = {ACM},
	Title = {Proceedings of the Second Annual ACM SIGACT-SIGOPS Symposium on Principles of Distributed Computing, Montreal, Quebec, Canada, August 17-19, 1983},
	Year = {1983}}

@proceedings{DBLP:conf/podc/2003,
	Bibsource = {DBLP, http://dblp.uni-trier.de},
	Booktitle = {PODC},
	Date-Added = {2015-05-15 19:29:57 +0000},
	Date-Modified = {2015-05-15 19:29:57 +0000},
	Editor = {Elizabeth Borowsky and Sergio Rajsbaum},
	Ee = {http://dl.acm.org/citation.cfm?id=872035},
	Isbn = {1-58113-708-7},
	Publisher = {ACM},
	Title = {Proceedings of the Twenty-Second ACM Symposium on Principles of Distributed Computing, PODC 2003, Boston, Massachusetts, USA, July 13-16, 2003},
	Year = {2003}}

@proceedings{DBLP:conf/podc/2011,
	Bibsource = {dblp computer science bibliography, http://dblp.org},
	Biburl = {http://dblp.uni-trier.de/rec/bib/conf/podc/2011},
	Date-Added = {2015-05-15 19:29:57 +0000},
	Date-Modified = {2015-05-15 19:29:57 +0000},
	Editor = {Cyril Gavoille and Pierre Fraigniaud},
	Isbn = {978-1-4503-0719-2},
	Publisher = {{ACM}},
	Timestamp = {Sun, 07 Sep 2014 04:41:58 +0200},
	Title = {Proceedings of the 30th Annual {ACM} Symposium on Principles of Distributed Computing, {PODC} 2011, San Jose, CA, USA, June 6-8, 2011},
	Url = {http://dl.acm.org/citation.cfm?id=1993806},
	Year = {2011},
	Bdsk-Url-1 = {http://dl.acm.org/citation.cfm?id=1993806}}

@inproceedings{DBLP:conf/podc/GarayKKZ11,
	Author = {Juan A. Garay and Jonathan Katz and Ranjit Kumaresan and Hong{-}Sheng Zhou},
	Bibsource = {dblp computer science bibliography, http://dblp.org},
	Biburl = {http://dblp.uni-trier.de/rec/bib/conf/podc/GarayKKZ11},
	Booktitle = {Proceedings of the 30th Annual {ACM} Symposium on Principles of Distributed Computing, {PODC} 2011, San Jose, CA, USA, June 6-8, 2011},
	Crossref = {DBLP:conf/podc/2011},
	Date-Added = {2015-05-15 19:29:57 +0000},
	Date-Modified = {2015-05-15 19:29:57 +0000},
	Doi = {10.1145/1993806.1993832},
	Pages = {179--186},
	Timestamp = {Sun, 07 Sep 2014 04:41:58 +0200},
	Title = {Adaptively secure broadcast, revisited},
	Url = {http://doi.acm.org/10.1145/1993806.1993832},
	Year = {2011},
	Bdsk-Url-1 = {http://doi.acm.org/10.1145/1993806.1993832},
	Bdsk-Url-2 = {http://dx.doi.org/10.1145/1993806.1993832}}

@proceedings{DBLP:conf/sigecom/2012,
	Bibsource = {DBLP, http://dblp.uni-trier.de},
	Booktitle = {EC},
	Date-Added = {2015-05-15 19:29:57 +0000},
	Date-Modified = {2015-05-15 19:29:57 +0000},
	Editor = {Boi Faltings and Kevin Leyton-Brown and Panos Ipeirotis},
	Ee = {http://dl.acm.org/citation.cfm?id=2229012},
	Isbn = {978-1-4503-1415-2},
	Publisher = {ACM},
	Title = {ACM Conference on Electronic Commerce, EC '12, Valencia, Spain, June 4-8, 2012},
	Year = {2012}}

@inproceedings{DBLP:conf/sigecom/BabaioffDOZ12,
	Author = {Moshe Babaioff and Shahar Dobzinski and Sigal Oren and Aviv Zohar},
	Bibsource = {DBLP, http://dblp.uni-trier.de},
	Booktitle = {EC},
	Crossref = {DBLP:conf/sigecom/2012},
	Date-Added = {2015-05-15 19:29:57 +0000},
	Date-Modified = {2015-05-15 19:29:57 +0000},
	Ee = {http://doi.acm.org/10.1145/2229012.2229022},
	Pages = {56-73},
	Title = {On bitcoin and red balloons},
	Year = {2012}}

@proceedings{DBLP:conf/wdag/2005,
	Bibsource = {DBLP, http://dblp.uni-trier.de},
	Booktitle = {DISC},
	Date-Added = {2015-05-15 19:29:57 +0000},
	Date-Modified = {2015-05-15 19:29:57 +0000},
	Editor = {Pierre Fraigniaud},
	Isbn = {3-540-29163-6},
	Publisher = {Springer},
	Series = {Lecture Notes in Computer Science},
	Title = {Distributed Computing, 19th International Conference, DISC 2005, Cracow, Poland, September 26-29, 2005, Proceedings},
	Volume = {3724},
	Year = {2005}}

@inproceedings{DBLP:conf/wdag/Okun05,
	Author = {Michael Okun},
	Bibsource = {DBLP, http://dblp.uni-trier.de},
	Booktitle = {DISC},
	Crossref = {DBLP:conf/wdag/2005},
	Date-Added = {2015-05-15 19:29:57 +0000},
	Date-Modified = {2015-05-15 19:29:57 +0000},
	Ee = {http://dx.doi.org/10.1007/11561927_40},
	Pages = {499-500},
	Title = {Agreement Among Unacquainted Byzantine Generals},
	Year = {2005}}

@article{DBLP:journals/iacr/Ben-SassonCG0MTV14,
	Author = {Eli Ben-Sasson and Alessandro Chiesa and Christina Garman and Matthew Green and Ian Miers and Eran Tromer and Madars Virza},
	Bibsource = {DBLP, http://dblp.uni-trier.de},
	Date-Added = {2015-05-15 19:29:57 +0000},
	Date-Modified = {2015-05-15 19:29:57 +0000},
	Ee = {http://eprint.iacr.org/2014/349},
	Journal = {IACR Cryptology ePrint Archive},
	Pages = {349},
	Title = {Zerocash: Decentralized Anonymous Payments from Bitcoin},
	Volume = {2014},
	Year = {2014}}

@article{DBLP:journals/iacr/GarayKL14,
	Author = {Juan A. Garay and Aggelos Kiayias and Nikos Leonardos},
	Bibsource = {dblp computer science bibliography, http://dblp.org},
	Biburl = {http://dblp.uni-trier.de/rec/bib/journals/iacr/GarayKL14},
	Date-Added = {2015-05-15 19:29:57 +0000},
	Date-Modified = {2015-05-15 19:29:57 +0000},
	Journal = {{IACR} Cryptology ePrint Archive},
	Pages = {765},
	Timestamp = {Wed, 15 Oct 2014 13:16:53 +0200},
	Title = {The {B}itcoin {B}ackbone {P}rotocol: {A}nalysis and {A}pplications},
	Url = {http://eprint.iacr.org/2014/765},
	Volume = {2014},
	Year = {2014},
	Bdsk-Url-1 = {http://eprint.iacr.org/2014/765}}

@article{DBLP:journals/iacr/SompolinskyZ13,
	Author = {Yonatan Sompolinsky and Aviv Zohar},
	Bibsource = {dblp computer science bibliography, http://dblp.org},
	Biburl = {http://dblp.uni-trier.de/rec/bib/journals/iacr/SompolinskyZ13},
	Date-Added = {2015-05-15 19:29:57 +0000},
	Date-Modified = {2015-05-15 19:29:57 +0000},
	Journal = {{IACR} Cryptology ePrint Archive},
	Pages = {881},
	Timestamp = {Thu, 11 Sep 2014 12:07:59 +0200},
	Title = {Accelerating Bitcoin's Transaction Processing. Fast Money Grows on Trees, Not Chains},
	Url = {http://eprint.iacr.org/2013/881},
	Volume = {2013},
	Year = {2013},
	Bdsk-Url-1 = {http://eprint.iacr.org/2013/881}}

@article{DBLP:journals/ipl/Neiger94,
	Author = {Gil Neiger},
	Bibsource = {DBLP, http://dblp.uni-trier.de},
	Date-Added = {2015-05-15 19:29:57 +0000},
	Date-Modified = {2015-05-15 19:29:57 +0000},
	Ee = {http://dx.doi.org/10.1016/0020-0190(94)90011-6},
	Journal = {Inf. Process. Lett.},
	Number = {4},
	Pages = {195-201},
	Title = {Distributed Consensus Revisited},
	Volume = {49},
	Year = {1994}}

@article{DBLP:journals/jacm/FischerLP85,
	Author = {Michael J. Fischer and Nancy A. Lynch and Mike Paterson},
	Bibsource = {DBLP, http://dblp.uni-trier.de},
	Date-Added = {2015-05-15 19:29:57 +0000},
	Date-Modified = {2015-05-15 19:29:57 +0000},
	Ee = {http://doi.acm.org/10.1145/3149.214121},
	Journal = {J. ACM},
	Number = {2},
	Pages = {374-382},
	Title = {Impossibility of Distributed Consensus with One Faulty Process},
	Volume = {32},
	Year = {1985}}

@article{DBLP:journals/jacm/PeaseSL80,
	Author = {Marshall C. Pease and Robert E. Shostak and Leslie Lamport},
	Bibsource = {DBLP, http://dblp.uni-trier.de},
	Date-Added = {2015-05-15 19:29:57 +0000},
	Date-Modified = {2015-05-15 19:29:57 +0000},
	Ee = {http://doi.acm.org/10.1145/322186.322188},
	Journal = {J. ACM},
	Number = {2},
	Pages = {228-234},
	Title = {Reaching Agreement in the Presence of Faults},
	Volume = {27},
	Year = {1980}}

@article{DBLP:journals/joc/BarakCLPR11,
	Author = {Boaz Barak and Ran Canetti and Yehuda Lindell and Rafael Pass and Tal Rabin},
	Bibsource = {dblp computer science bibliography, http://dblp.org},
	Biburl = {http://dblp.uni-trier.de/rec/bib/journals/joc/BarakCLPR11},
	Date-Added = {2015-05-15 19:29:57 +0000},
	Date-Modified = {2015-05-15 19:29:57 +0000},
	Doi = {10.1007/s00145-010-9075-9},
	Journal = {J. Cryptology},
	Number = {4},
	Pages = {720--760},
	Timestamp = {Tue, 09 Sep 2014 05:26:51 +0200},
	Title = {Secure Computation Without Authentication},
	Url = {http://dx.doi.org/10.1007/s00145-010-9075-9},
	Volume = {24},
	Year = {2011},
	Bdsk-Url-1 = {http://dx.doi.org/10.1007/s00145-010-9075-9}}

@article{DBLP:journals/siamcomp/DolevS83,
	Author = {Danny Dolev and H. Raymond Strong},
	Bibsource = {DBLP, http://dblp.uni-trier.de},
	Date-Added = {2015-05-15 19:29:57 +0000},
	Date-Modified = {2015-05-15 19:29:57 +0000},
	Ee = {http://dx.doi.org/10.1137/0212045},
	Journal = {SIAM J. Comput.},
	Number = {4},
	Pages = {656-666},
	Title = {Authenticated Algorithms for Byzantine Agreement},
	Volume = {12},
	Year = {1983}}

@article{DBLP:journals/toplas/LamportSP82,
	Author = {Leslie Lamport and Robert E. Shostak and Marshall C. Pease},
	Bibsource = {DBLP, http://dblp.uni-trier.de},
	Date-Added = {2015-05-15 19:29:57 +0000},
	Date-Modified = {2015-05-15 19:29:57 +0000},
	Ee = {http://doi.acm.org/10.1145/357172.357176},
	Journal = {ACM Trans. Program. Lang. Syst.},
	Number = {3},
	Pages = {382-401},
	Title = {The Byzantine Generals Problem},
	Volume = {4},
	Year = {1982}}

@article{delporte2013,
	Author = {Delporte-Gallet, Carole and Fauconnier, Hugues and Guerraoui, Rachid and Kermarrec, Anne-Marie and Ruppert, Eric and Tran-The, Hung},
	Date-Added = {2015-05-15 19:29:57 +0000},
	Date-Modified = {2015-05-15 19:29:57 +0000},
	Doi = {10.1007/s00446-013-0190-3},
	Issn = {0178-2770},
	Journal = {Distributed Computing},
	Keywords = {Consensus; Message passing; Process identifiers; Byzantine failures},
	Language = {English},
	Number = {5-6},
	Pages = {321-340},
	Publisher = {Springer Berlin Heidelberg},
	Title = {Byzantine agreement with homonyms},
	Url = {http://dx.doi.org/10.1007/s00446-013-0190-3},
	Volume = {26},
	Year = {2013},
	Bdsk-Url-1 = {http://dx.doi.org/10.1007/s00446-013-0190-3}}

@inproceedings{eyalsirer2014,
	Author = {Ittay Eyal and Emin Gun Sirer},
	Bibsource = {DBLP, http://dblp.uni-trier.de},
	Booktitle = {Financial Cryptography},
	Crossref = {DBLP:conf/fc/2012},
	Date-Added = {2015-05-15 19:29:57 +0000},
	Date-Modified = {2015-05-15 19:29:57 +0000},
	Ee = {http://dx.doi.org/10.1007/978-3-642-32946-3_1},
	Title = {Majority is not Enough: Bitcoin Mining is Vulnerable},
	Year = {2014}}

@inproceedings{fg2003,
	Author = {Matthias Fitzi and Juan A. Garay},
	Bibsource = {DBLP, http://dblp.uni-trier.de},
	Booktitle = {PODC},
	Crossref = {DBLP:conf/podc/2003},
	Date-Added = {2015-05-15 19:29:57 +0000},
	Date-Modified = {2015-05-15 19:29:57 +0000},
	Ee = {http://doi.acm.org/10.1145/872035.872066},
	Pages = {211-220},
	Title = {Efficient player-optimal protocols for strong and differential consensus},
	Year = {2003}}

@article{fm1997,
	Author = {Pesech Feldman and Silvio Micali},
	Bibsource = {DBLP, http://dblp.uni-trier.de},
	Date-Added = {2015-05-15 19:29:57 +0000},
	Date-Modified = {2015-05-15 19:29:57 +0000},
	Ee = {http://dx.doi.org/10.1137/S0097539790187084},
	Journal = {SIAM J. Comput.},
	Number = {4},
	Pages = {873-933},
	Title = {An Optimal Probabilistic Protocol for Synchronous Byzantine Agreement},
	Volume = {26},
	Year = {1997}}

@misc{hashcash,
	Author = {Adam Back},
	Date-Added = {2015-05-15 19:29:57 +0000},
	Date-Modified = {2015-05-15 19:29:57 +0000},
	Howpublished = {http://www.cypherspace.org/hashcash},
	Title = {Hashcash},
	Year = {1997}}

@article{kk2009,
	Author = {Jonathan Katz and Chiu-Yuen Koo},
	Date-Added = {2015-05-15 19:29:57 +0000},
	Date-Modified = {2015-05-15 19:29:57 +0000},
	Doi = {http://dx.doi.org/10.1016/j.jcss.2008.08.001},
	Issn = {0022-0000},
	Journal = {Journal of Computer and System Sciences},
	Keywords = {Secure computation},
	Number = {2},
	Pages = {91 - 112},
	Title = {On expected constant-round protocols for Byzantine agreement},
	Url = {http://www.sciencedirect.com/science/article/pii/S0022000008000718},
	Volume = {75},
	Year = {2009},
	Bdsk-Url-1 = {http://www.sciencedirect.com/science/article/pii/S0022000008000718},
	Bdsk-Url-2 = {http://dx.doi.org/10.1016/j.jcss.2008.08.001}}

@misc{MillerLaviola2014,
	Author = {Andrew Miller and Joseph J. LaViola},
	Date-Added = {2015-05-15 19:29:57 +0000},
	Date-Modified = {2015-05-15 19:29:57 +0000},
	Howpublished = {University of Central Florida. Tech Report, CS-TR-14-01},
	Month = {April},
	Title = {Anonymous Byzantine Consensus from Moderately-Hard Puzzles: A Model for Bitcoin.},
	Year = {2014}}

@misc{nakamoto-forum,
	Author = {Satoshi Nakamoto},
	Date-Added = {2015-05-15 19:29:57 +0000},
	Date-Modified = {2015-05-15 19:29:57 +0000},
	Howpublished = {The Cryptography Mailing List, https://www.mail-archive.com/cryptography@metzdowd.com/msg09997.html},
	Month = {November},
	Title = {``The proof-of-work chain is a solution to the Byzantine Generals' Problem''},
	Year = {2008}}

@misc{Nakamoto2008,
	Author = {Satoshi Nakamoto},
	Date-Added = {2015-05-15 19:29:57 +0000},
	Date-Modified = {2015-05-15 19:29:57 +0000},
	Howpublished = {http://bitcoin.org/bitcoin.pdf},
	Title = {Bitcoin: A peer-to-peer electronic cash system.},
	Year = {2008}}

@misc{Nakamoto2009,
	Author = {Satoshi Nakamoto},
	Date-Added = {2015-05-15 19:29:57 +0000},
	Date-Modified = {2015-05-15 19:29:57 +0000},
	Howpublished = {http://p2pfoundation.ning.com/forum/topics/bitcoin-open-source},
	Month = {February},
	Title = {Bitcoin open source implementation of P2P currency},
	Year = {2009}}

@misc{Okun-thesis,
	Author = {Michael Okun},
	Date-Added = {2015-05-15 19:29:57 +0000},
	Date-Modified = {2015-05-15 19:29:57 +0000},
	Howpublished = {Ph.D. Thesis Hebrew University of Jerusalem},
	Title = {Distributed Computing Among Unacquainted Processors in the Presence of Byzantine Distributed Computing Among Unacquainted Processors in the Presence of Byzantine Failures},
	Year = {2005}}

@article{OkunBarak2008,
	Acmid = {1341216},
	Address = {Secaucus, NJ, USA},
	Author = {Okun, Michael and Barak, Amnon},
	Date-Added = {2015-05-15 19:29:57 +0000},
	Date-Modified = {2015-05-15 19:29:57 +0000},
	Doi = {10.1007/s00224-007-9006-9},
	Issn = {1432-4350},
	Issue_Date = {January 2008},
	Journal = {Theor. Comp. Sys.},
	Keywords = {Anonymous distributed algorithms, Anonymous networks, Byzantine agreement, Distributed fault tolerant computing},
	Month = jan,
	Number = {2},
	Numpages = {17},
	Pages = {222--238},
	Publisher = {Springer-Verlag New York, Inc.},
	Title = {Efficient Algorithms for Anonymous Byzantine Agreement},
	Url = {http://dx.doi.org/10.1007/s00224-007-9006-9},
	Volume = {42},
	Year = {2008},
	Bdsk-Url-1 = {http://dx.doi.org/10.1007/s00224-007-9006-9}}

@misc{primecoin,
	Author = {Sunny King},
	Date-Added = {2015-05-15 19:29:57 +0000},
	Date-Modified = {2015-05-15 19:29:57 +0000},
	Howpublished = {http://primecoin.io/bin/primecoin-paper.pdf},
	Month = {July},
	Title = {Primecoin: Cryptocurrency with Prime Number Proof-of-Work},
	Year = {2013}}

@inproceedings{rabin1983,
	Author = {Michael O. Rabin},
	Bibsource = {DBLP, http://dblp.uni-trier.de},
	Booktitle = {FOCS},
	Crossref = {DBLP:conf/focs/FOCS24},
	Date-Added = {2015-05-15 19:29:57 +0000},
	Date-Modified = {2015-05-15 19:29:57 +0000},
	Ee = {http://doi.ieeecomputersociety.org/10.1109/SFCS.1983.48},
	Pages = {403-409},
	Title = {Randomized Byzantine Generals},
	Year = {1983}}

@techreport{RSW1996,
	Address = {Cambridge, MA, USA},
	Author = {Rivest, R. L. and Shamir, A. and Wagner, D. A.},
	Date-Added = {2015-05-15 19:29:57 +0000},
	Date-Modified = {2015-05-15 19:29:57 +0000},
	Publisher = {Massachusetts Institute of Technology},
	Source = {http://www.ncstrl.org:8900/ncstrl/servlet/search?formname=detail\&id=oai%3Ancstrlh%3Amitai%3AMIT-LCS%2F%2FMIT%2FLCS%2FTR-684},
	Title = {Time-lock Puzzles and Timed-release Crypto},
	Year = {1996}}

@inproceedings{zerocash14,
	Author = {Eli Ben-Sasson and Alessandro Chiesa and Christina Garman and Matthew Green and Ian Miers and Eran Tromer and Madars Virza},
	Booktitle = {IEEE Symposium on Security and Privacy},
	Title = {Zerocash: decentralized anonymous payments from Bitcoin},
	Year = {2014}}

@article{BK14,
	Author = {Iddo Bentov and Ranjit Kumaresan},
	Journal = {IACR Cryptology ePrint Archive},
	Note = {http://eprint.iacr.org/2014/129},
	Pages = {129},
	Title = {How to Use Bitcoin to Design Fair Protocols},
	Volume = {2014},
	Year = {2014}}

@inproceedings{ADMM14sp,
	Author = {Marcin Andrychowicz and Stefan Dziembowski and Daniel Malinowski and Lukasz Mazurek},
	Booktitle = {IEEE Symposium on Security and Privacy},
	Note = {http://eprint.iacr.org/2013/784},
	Title = {Secure Multiparty Computations on Bitcoin},
	Year = {2014}}

@inproceedings{ADMM14bitcoin,
	Author = {Marcin Andrychowicz and Stefan Dziembowski and Daniel Malinowski and Lukasz Mazurek},
	Booktitle = {1st Workshop on Bitcoin Research 2014 (in Assocation with Financial Crypto)},
	Note = {http://eprint.iacr.org/2013/837},
	Title = {Fair Two-Party Computations via the BitCoin Deposits},
	Year = {2014}}

@inproceedings{DBLP:conf/stoc/Cleve86,
	Author = {Richard Cleve},
	Bibsource = {DBLP, http://dblp.uni-trier.de},
	Booktitle = {STOC},
	Crossref = {DBLP:conf/stoc/STOC18},
	Ee = {http://doi.acm.org/10.1145/12130.12168},
	Pages = {364-369},
	Title = {Limits on the Security of Coin Flips when Half the Processors Are Faulty (Extended Abstract)},
	Year = {1986}}

@proceedings{DBLP:conf/stoc/STOC18,
	Bibsource = {DBLP, http://dblp.uni-trier.de},
	Booktitle = {STOC},
	Editor = {Juris Hartmanis},
	Isbn = {0-89791-193-8},
	Publisher = {ACM},
	Title = {Proceedings of the 18th Annual ACM Symposium on Theory of Computing, May 28-30, 1986, Berkeley, California, USA},
	Year = {1986}}

@article{DBLP:journals/corr/abs-1710-09437,
  author       = {Vitalik Buterin and
                  Virgil Griffith},
  title        = {Casper the Friendly Finality Gadget},
  journal      = {CoRR},
  volume       = {abs/1710.09437},
  year         = {2017},
  url          = {http://arxiv.org/abs/1710.09437},
  eprinttype    = {arXiv},
  eprint       = {1710.09437},
  timestamp    = {Mon, 13 Aug 2018 16:48:53 +0200},
  biburl       = {https://dblp.org/rec/journals/corr/abs-1710-09437.bib},
  bibsource    = {dblp computer science bibliography, https://dblp.org}
}

@inproceedings{DBLP:conf/eurosys/DanezisKSS22,
  author       = {George Danezis and
                  Lefteris Kokoris{-}Kogias and
                  Alberto Sonnino and
                  Alexander Spiegelman},
  editor       = {Y{\'{e}}rom{-}David Bromberg and
                  Anne{-}Marie Kermarrec and
                  Christos Kozyrakis},
  title        = {Narwhal and Tusk: a DAG-based mempool and efficient {BFT} consensus},
  booktitle    = {EuroSys '22: Seventeenth European Conference on Computer Systems,
                  Rennes, France, April 5 - 8, 2022},
  pages        = {34--50},
  publisher    = {{ACM}},
  year         = {2022},
  url          = {https://doi.org/10.1145/3492321.3519594},
  doi          = {10.1145/3492321.3519594},
  timestamp    = {Wed, 13 Apr 2022 13:48:01 +0200},
  biburl       = {https://dblp.org/rec/conf/eurosys/DanezisKSS22.bib},
  bibsource    = {dblp computer science bibliography, https://dblp.org}
}

@inproceedings{DBLP:conf/osdi/CastroL99,
  author       = {Miguel Castro and
                  Barbara Liskov},
  editor       = {Margo I. Seltzer and
                  Paul J. Leach},
  title        = {Practical Byzantine Fault Tolerance},
  booktitle    = {Proceedings of the Third {USENIX} Symposium on Operating Systems Design
                  and Implementation (OSDI), New Orleans, Louisiana, USA, February 22-25,
                  1999},
  pages        = {173--186},
  publisher    = {{USENIX} Association},
  year         = {1999},
  url          = {https://dl.acm.org/citation.cfm?id=296824},
  timestamp    = {Wed, 06 Nov 2019 16:45:49 +0100},
  biburl       = {https://dblp.org/rec/conf/osdi/CastroL99.bib},
  bibsource    = {dblp computer science bibliography, https://dblp.org}
}